@book{austin_grammar_2011,
	location = {Cambridge},
	edition = {2},
	title = {A Grammar of Diyari, South Australia},
	isbn = {0-521-22849-2},
	publisher = {Cambridge University Press},
	author = {Austin, Peter K.},
	date = {2011},
	options = {skipbib=true}
}

@book{black_kokoberrin_1999,
	title = {The Kokoberrin and their languages},
	pagetotal = {107},
	publisher = {Kokoberrin Tribal Aboriginal Corporation},
	author = {Black, Paul},
	date = {1999},
	options = {skipbib=true}
}

@unpublished{black_kurtjar_nodate,
	location = {Canberra},
	title = {Kurtjar Dictionary},
	rights = {Open access for reading and copying in accordance with copyright. Contact {AIATSIS} Library},
	type = {word list},
	institution = {Australian Institute of Aboriginal and Torres Strait Islander Studies, Australian Indigenous Languages Collection},
	eprint = {{ASEDA} 0026},
	author = {Black, Paul},
	options = {skipbib=true}
}

@unpublished{breen_ngamini_1975,
	location = {North East South Australia},
	title = {Ngamini material},
	type = {field notes},
	institution = {Australian Institute of Aboriginal and Torres Strait Islander Studies, Australian Indigenous Languages Collection},
	eprint = {{MS} 117 (2)},
	author = {Breen, Gavan},
	date = {1975},
	options = {skipbib=true}
}

@book{foote_kuuk_1995,
	location = {Brisbane},
	title = {Kuuk Thaayorre dictionary : Thaayorre/English},
	isbn = {1-875158-26-X 1-875158-41-3},
	shorttitle = {Kuuk Thaayorre dictionary},
	pagetotal = {239},
	publisher = {Jollen Press},
	author = {Foote, Tom and Hall, Allen},
	date = {1995},
	options = {skipbib=true}
}

@unpublished{peile_basic_nodate,
	location = {Canberra},
	title = {A basic Kukatja to English dictionary},
	rights = {Open},
	type = {word list},
	institution = {Australian Institute of Aboriginal and Torres Strait Islander Studies, Australian Indigenous Languages Collection},
	eprint = {{ASEDA} 0504},
	author = {Peile, Anthony},
	editora = {Valiquette, Hilaire},
	editoratype = {collaborator},
	options = {skipbib=true}
}
