
@article{clauset_power-law_2009,
	title = {Power-law distributions in empirical data},
	volume = {51},
	issn = {0036-1445},
	doi = {10.1137/070710111},
	pages = {661--703},
	number = {4},
	journaltitle = {{SIAM} Review},
	author = {Clauset, A. and Shalizi, C. R. and Newman, M. E. J.},
	date = {2009-11-04}
}

@article{yule_mathematical_1925,
	title = {A mathematical theory of evolution, based on the conclusions of Dr. J. C. Willis, F. R. S},
	volume = {213},
	issn = {0264-3960, 2053-9266},
	doi = {10.1098/rstb.1925.0002},
	pages = {21--87},
	number = {402},
	journaltitle = {Philosophical Transactions of the Royal Society of London B: Biological Sciences},
	shortjournal = {Phil. Trans. R. Soc. Lond. B},
	author = {Yule, G. Udny},
	date = {1925-01-01}
}

@incollection{albert_species_2011,
	title = {Species richness and cladal diversity},
	isbn = {978-0-520-94850-1},
	pages = {89--104},
	booktitle = {Historical Biogeography of Neotropical Freshwater Fishes},
	publisher = {University of California Press},
	author = {Albert, James S. and Bart, Jr., Henry J. and Reis, Roberto E.},
	editor = {Albert, James S. and Reis, Roberto E.},
	date = {2011-03-08}
}

@article{gabaix_zipfs_1999,
	title = {Zipf's law for cities: An explanation},
	volume = {114},
	issn = {0033-5533},
	doi = {10.1162/003355399556133},
	pages = {739--767},
	number = {3},
	journaltitle = {The Quarterly Journal of Economics},
	author = {Gabaix, Xavier},
	date = {1999-08-01}
}

@article{levy_gibrats_2009,
	title = {Gibrat's Law for (all) cities: Comment},
	volume = {99},
	issn = {0002-8282},
	doi = {10.1257/aer.99.4.1672},
	pages = {1672--1675},
	number = {4},
	journaltitle = {American Economic Review},
	author = {Levy, Moshe},
	date = {2009-09}
}

@article{malevergne_testing_2011,
	title = {Testing the Pareto against the lognormal distributions with the uniformly most powerful unbiased test applied to the distribution of cities},
	volume = {83},
	doi = {10.1103/PhysRevE.83.036111},
	pages = {036111},
	number = {3},
	journaltitle = {Physical Review E},
	author = {Malevergne, Yannick and Pisarenko, Vladilen and Sornette, Didier},
	date = {2011-03-22}
}

@inproceedings{faloutsos_power-law_1999,
	title = {On power-law relationships of the Internet topology},
	isbn = {978-1-58113-135-2},
	doi = {10.1145/316188.316229},
	pages = {251--262},
	booktitle = {Applications, Technologies, Architectures, and Protocols for Computer Communication ({SIGCOMM})},
	publisher = {Association for Computing Machinery ({ACM})},
	author = {Faloutsos, Michalis and Faloutsos, Petros and Faloutsos, Christos},
	date = {1999},
	note = {event-place: New York}
}

@book{zipf_human_1949,
	location = {Reading, {MA}},
	title = {Human Behavior and the Principle of Least Effort},
	publisher = {Addison-Wesley},
	author = {Zipf, George K.},
	date = {1949}
}

@article{simon_class_1955,
	title = {On a class of skew distribution functions},
	volume = {42},
	issn = {0006-3444},
	doi = {10.1093/biomet/42.3-4.425},
	pages = {425--440},
	number = {3},
	journaltitle = {Biometrika},
	author = {Simon, Herbert A.},
	date = {1955-12-01}
}

@article{chung_stochastic_1994,
	title = {A stochastic model of superstardom: An application of the Yule distribution},
	pages = {771--775},
	journaltitle = {The Review of Economics and Statistics},
	author = {Chung, Kee H. and Cox, Raymond A. K.},
	date = {1994}
}

@article{newman_power_2005,
	title = {Power laws, Pareto distributions and Zipf's law},
	volume = {46},
	issn = {0010-7514},
	doi = {10.1080/00107510500052444},
	pages = {323--351},
	number = {5},
	journaltitle = {Contemporary Physics},
	author = {Newman, M. E. J.},
	date = {2005-09-01}
}

@book{estoup_gammes_1916,
	title = {Gammes Sténographiques: Méthode et exercices pour l'acquisition de la vitesse},
	pagetotal = {151},
	publisher = {Institut Sténographique},
	author = {Estoup, J. B.},
	date = {1916}
}

@article{mitzenmacher_brief_2004,
	title = {A brief history of generative models for power law and lognormal distributions},
	volume = {1},
	issn = {1542-7951},
	doi = {10.1080/15427951.2004.10129088},
	pages = {226--251},
	number = {2},
	journaltitle = {Internet Mathematics},
	author = {Mitzenmacher, Michael},
	date = {2004-01-01}
}

@article{eeckhout_gibrats_2004,
	title = {Gibrat's Law for (all) cities},
	volume = {94},
	issn = {0002-8282},
	doi = {10.1257/0002828043052303},
	pages = {1429--1451},
	number = {5},
	journaltitle = {American Economic Review},
	author = {Eeckhout, Jan},
	date = {2004-12}
}

@inproceedings{downey_structural_2001,
	title = {The structural cause of file size distributions},
	doi = {10.1109/MASCOT.2001.948888},
	pages = {361--370},
	booktitle = {Modeling, Analysis and Simulation of Computer and Telecommunication Systems ({MASCOTS})},
	author = {Downey, A. B.},
	date = {2001}
}

@article{barford_changes_1999,
	title = {Changes in Web client access patterns: Characteristics and caching implications},
	volume = {2},
	issn = {1386-145X, 1573-1413},
	doi = {10.1023/A:1019236319752},
	pages = {15--28},
	number = {1},
	journaltitle = {World Wide Web},
	author = {Barford, Paul and Bestavros, Azer and Bradley, Adam and Crovella, Mark},
	date = {1999-06-01}
}

@inproceedings{barford_generating_1998,
	title = {Generating Representative Web Workloads for Network and Server Performance Evaluation},
	isbn = {978-0-89791-982-1},
	doi = {10.1145/277851.277897},
	pages = {151--160},
	booktitle = {Measurement and Modeling of Computer Systems ({SIGMETRICS})},
	publisher = {Association for Computing Machinery ({ACM})},
	author = {Barford, Paul and Crovella, Mark},
	date = {1998},
	note = {event-place: New York}
}

@book{pareto_cours_1897,
	location = {Lausanne, France},
	title = {Cours d'Economie Politique},
	volume = {2},
	publisher = {F. Rouge},
	author = {Pareto, Vilfredo},
	date = {1897}
}

@article{urzua_testing_2011,
	title = {Testing for Zipf’s law: A common pitfall},
	volume = {112},
	issn = {0165-1765},
	doi = {10.1016/j.econlet.2011.05.049},
	pages = {254--255},
	number = {3},
	journaltitle = {Economics Letters},
	author = {Urzúa, Carlos M.},
	date = {2011-09-01}
}

@article{touboul_can_2010,
	title = {Can Power-Law Scaling and Neuronal Avalanches Arise from Stochastic Dynamics?},
	volume = {5},
	issn = {1932-6203},
	doi = {10.1371/journal.pone.0008982},
	pages = {e8982},
	number = {2},
	journaltitle = {{PLOS} {ONE}},
	author = {Touboul, Jonathan and Destexhe, Alain},
	date = {2010-02-11}
}

@article{lee_change_2018,
	title = {Change and stability in shopping tourist destination networks: The case of Seoul in Korea},
	issn = {2212-571X},
	doi = {10.1016/j.jdmm.2018.02.004},
	journaltitle = {Journal of Destination Marketing \& Management},
	author = {Lee, Yuan and Kim, Insin},
	urldate = {2018-02-28},
	date = {2018}
}

@inproceedings{cho_friendship_2011,
	title = {Friendship and mobility: User movement in location-based social networks},
	isbn = {978-1-4503-0813-7},
	doi = {10.1145/2020408.2020579},
	pages = {1082--1090},
	booktitle = {Knowledge Discovery and Data Mining ({SIGKDD})},
	publisher = {Association for Computing Machinery ({ACM})},
	author = {Cho, Eunjoon and Myers, Seth A. and Leskovec, Jure},
	date = {2011},
	note = {event-place: New York}
}

@article{brzezinski_power_2014,
	title = {Power laws in citation distributions: Evidence from Scopus},
	journaltitle = {{arXiv} e-prints},
	author = {Brzezinski, Michal},
	date = {2014-02},
	note = {\_eprint: 1402.3890}
}

@book{baayen_word_2001,
	location = {Dordrecht, Netherlands},
	title = {Word Frequency Distributions},
	isbn = {978-0-7923-7017-8},
	series = {Text, Speech and Language Technology},
	publisher = {Springer Science+Business Media},
	author = {Baayen, R. Harald},
	urldate = {2018-02-28},
	date = {2001}
}

@article{montemurro_beyond_2001,
	title = {Beyond the Zipf–Mandelbrot law in quantitative linguistics},
	volume = {300},
	issn = {0378-4371},
	doi = {10.1016/S0378-4371(01)00355-7},
	pages = {567--578},
	number = {3},
	journaltitle = {Physica A: Statistical Mechanics and its Applications},
	author = {Montemurro, Marcelo A.},
	date = {2001-11-15}
}

@book{baayen_analyzing_2008,
	location = {Cambridge},
	title = {Analyzing Linguistic Data: A Practical Introduction to Statistics using R},
	isbn = {978-0-511-38630-5},
	publisher = {Cambridge University Press},
	author = {Baayen, Harald},
	date = {2008}
}

@article{naranan_models_1998,
	title = {Models for power law relations in linguistics and information science},
	volume = {5},
	issn = {0929-6174},
	doi = {10.1080/09296179808590110},
	pages = {35--61},
	number = {1},
	journaltitle = {Journal of Quantitative Linguistics},
	author = {Naranan, S. and Balasubrahmanyan, V. K.},
	date = {1998-05-01}
}

@article{naranan_information_1992,
	title = {Information theoretic models in statistical linguistics—Part I: A model for word frequencies},
	volume = {63},
	issn = {0011-3891},
	pages = {261--269},
	number = {5},
	journaltitle = {Current Science},
	author = {Naranan, S. and Balasubrahmanyan, V. K.},
	date = {1992}
}

@article{mandelbrot_structure_1954,
	title = {Structure formelle des textes et communication},
	volume = {10},
	issn = {0043-7956},
	doi = {10.1080/00437956.1954.11659509},
	pages = {1--27},
	number = {1},
	journaltitle = {{WORD}},
	author = {Mandelbrot, Benoit},
	date = {1954-04-01}
}

@book{zipf_selective_1932,
	location = {Cambridge, {MA}},
	title = {Selective Studies and the Principle of Relative Frequency in Language},
	publisher = {Harvard University Press},
	author = {Zipf, George K.},
	date = {1932}
}

@book{kucera_computational_1967,
	location = {Providence, {RI}},
	edition = {1},
	title = {Computational Analysis of Present Day American English},
	isbn = {978-0-87057-105-3},
	pagetotal = {424},
	publisher = {Brown University Press},
	author = {Kucera, Henry and Francis, W. Nelson and Carroll, John B. and Twaddell, W. F.},
	date = {1967-06-01}
}

@article{li_random_1992,
	title = {Random texts exhibit Zipf's-law-like word frequency distribution},
	volume = {38},
	issn = {0018-9448},
	doi = {10.1109/18.165464},
	pages = {1842--1845},
	number = {6},
	journaltitle = {{IEEE} Transactions on Information Theory},
	author = {Li, W.},
	date = {1992-11}
}

@article{sigurd_rank-frequency_1968,
	title = {Rank-frequency distributions for phonemes},
	volume = {18},
	issn = {0031-8388, 1423-0321},
	doi = {10.1159/000258595},
	pages = {1--15},
	number = {1},
	journaltitle = {Phonetica},
	author = {Sigurd, Bengt},
	urldate = {2018-03-01},
	date = {1968}
}

@article{tambovtsev_phoneme_2007,
	title = {Phoneme frequencies follow a Yule distribution},
	volume = {4},
	number = {2},
	journaltitle = {{SKASE} Journal of Theoretical Linguistics},
	author = {Tambovtsev, Yuri and Martindale, Colin},
	date = {2007}
}

@article{witten_source_1990,
	title = {Source models for natural language text},
	volume = {32},
	issn = {0020-7373},
	doi = {10.1016/S0020-7373(05)80033-1},
	pages = {545--579},
	number = {5},
	journaltitle = {International Journal of Man-Machine Studies},
	author = {Witten, Ian H. and Bell, Timothy C.},
	date = {1990-05-01}
}

@book{bloomfield_language_1935,
	location = {London},
	title = {Language},
	publisher = {Allen \& Unwin},
	author = {Bloomfield, Leonard},
	date = {1935}
}

@incollection{good_statistics_1969,
	location = {Oxford},
	edition = {1},
	title = {Statistics of language},
	isbn = {978-0-08-012337-0},
	booktitle = {Encyclopaedia of linguistics, information, and control},
	publisher = {Pergamon Press},
	author = {Good, I. J.},
	editor = {Meetham, A. R. and Hudson, Richard A.},
	date = {1969}
}

@article{borodovsky_general_1989,
	title = {A general rule for ranged series of codon frequencies in different genomes},
	volume = {6},
	issn = {0739-1102},
	doi = {10.1080/07391102.1989.10506527},
	pages = {1001--1012},
	number = {5},
	journaltitle = {Journal of Biomolecular Structure and Dynamics},
	author = {Borodovsky, Mark Yu and Gusein-Zade, S. M.},
	date = {1989-04-01},
	pmid = {2556159}
}

@article{gusein-zade_distribution_1988,
	title = {On the distribution of letters of the Russian language by frequencies},
	volume = {23},
	pages = {103--107},
	journaltitle = {Problems of the Transmission of Information},
	author = {Gusein-Zade, S. M.},
	date = {1988}
}

@article{martindale_comparison_1996,
	title = {Comparison of equations describing the ranked frequency distributions of graphemes and phonemes},
	volume = {3},
	issn = {0929-6174},
	doi = {10.1080/09296179608599620},
	pages = {106--112},
	number = {2},
	journaltitle = {Journal of Quantitative Linguistics},
	author = {Martindale, Colin and Gusein-Zade, S. M. and {McKenzie}, Dean and Borodovsky, Mark Yu},
	date = {1996-08-01}
}

@book{whitworth_choice_1901,
	location = {Cambridge},
	title = {Choice and chance: With 1,000 exercises},
	publisher = {Deighton Bell and Company},
	author = {Whitworth, William Allen},
	urldate = {2018-03-06},
	date = {1901}
}

@article{stumpf_critical_2012,
	title = {Critical truths about power laws},
	volume = {335},
	issn = {0036-8075, 1095-9203},
	doi = {10.1126/science.1216142},
	pages = {665--666},
	number = {6069},
	journaltitle = {Science},
	author = {Stumpf, Michael P. H. and Porter, Mason A.},
	date = {2012-02-10},
	pmid = {22323807}
}

@inproceedings{coleman_stochastic_1997,
	title = {Stochastic phonological grammars and acceptability},
	url = {http://arxiv.org/abs/cmp-lg/9707017},
	pages = {49--56},
	booktitle = {Association for Computational Linguistics ({ACL}) Special Interest Group in Computational Phonology},
	publisher = {Association for Computational Linguistics},
	author = {Coleman, John and Pierrehumbert, Janet},
	date = {1997-07-28},
	eprinttype = {arxiv},
	eprint = {cmp-lg/9707017},
	note = {event-place: Somerset, {NJ}}
}

@thesis{zuraw_patterned_2000,
	location = {Los Angeles},
	title = {Patterned Exceptions in Phonology},
	institution = {University of California},
	type = {dissertation},
	author = {Zuraw, Kie Ross},
	date = {2000}
}

@article{ernestus_predicting_2003,
	title = {Predicting the unpredictable: Interpreting neutralized segments in Dutch},
	volume = {79},
	issn = {1535-0665},
	doi = {10.1353/lan.2003.0076},
	pages = {5--38},
	number = {1},
	journaltitle = {Language},
	author = {Ernestus, Mirjam Theresia Constantia and Baayen, R. Harald},
	date = {2003-05-01}
}

@article{albright_rules_2003,
	title = {Rules vs. analogy in English past tenses: A computational/experimental study},
	volume = {90},
	issn = {0010-0277},
	doi = {10.1016/S0010-0277(03)00146-X},
	pages = {119--161},
	number = {2},
	journaltitle = {Cognition},
	author = {Albright, Adam and Hayes, Bruce},
	date = {2003-12-01}
}

@book{eddington_spanish_2004,
	location = {Amsterdam},
	title = {Spanish Phonology and Morphology: Experimental and quantitative perspectives},
	publisher = {John Benjamins},
	author = {Eddington, David},
	date = {2004}
}

@article{hayes_stochastic_2006,
	title = {Stochastic phonological knowledge: The case of Hungarian vowel harmony},
	volume = {23},
	issn = {1469-8188, 0952-6757},
	doi = {10.1017/S0952675706000765},
	pages = {59--104},
	number = {1},
	journaltitle = {Phonology},
	author = {Hayes, Bruce and Londe, Zsuzsa Cziráky},
	date = {2006-05}
}

@article{newman_complex_2011,
	title = {Complex Systems: A Survey},
	volume = {79},
	issn = {0002-9505, 1943-2909},
	doi = {10.1119/1.3590372},
	pages = {800--810},
	number = {8},
	journaltitle = {American Journal of Physics},
	author = {Newman, M. E. J.},
	date = {2011-08},
	eprinttype = {arxiv},
	eprint = {1112.1440}
}

@thesis{hamilton_phonetic_1996,
	location = {Toronto},
	title = {Phonetic Constraints and Markedness in the Phonotactics of Australian Aboriginal Languages},
	institution = {University of Toronto},
	type = {thesis},
	author = {Hamilton, Philip James},
	date = {1996}
}

@book{dixon_languages_1980,
	location = {Cambridge},
	title = {The languages of Australia},
	isbn = {978-0-521-29450-8},
	series = {Cambridge Language Surveys},
	publisher = {Cambridge University Press},
	author = {Dixon, Robert M. W.},
	date = {1980}
}

@book{capell_new_1956,
	location = {Sydney},
	title = {A New Approach to Australian Linguistics},
	publisher = {University of Sydney for Oceania},
	author = {Capell, Arthur},
	date = {1956}
}

@book{busby_distribution_1982,
	location = {Canberra},
	title = {The Distribution of Phonemes in Australian Aboriginal Languages},
	series = {Series A-60},
	number = {14},
	publisher = {Pacific Linguistics},
	author = {Busby, Peter A.},
	date = {1982}
}

@article{mcconvell_patrick_prehistory_2011,
	title = {The prehistory and internal relationships of Australian languages},
	volume = {5},
	issn = {1749-818X},
	doi = {10.1111/j.1749-818X.2010.00257.x},
	pages = {19--32},
	number = {1},
	journaltitle = {Language and Linguistics Compass},
	author = {{McConvell Patrick} and {Bowern Claire}},
	date = {2011-01-04}
}

@book{barndorff-nielsen_inference_1994,
	location = {London},
	title = {Inference and Asymptotics},
	isbn = {978-0-412-49440-6},
	series = {Monographs on statistics and applied probability},
	pagetotal = {360},
	number = {52},
	publisher = {Chapman \& Hall},
	author = {Barndorff-Nielsen, Ole E. and Cox, David Roxbee},
	date = {1994}
}

@article{gillespie_fitting_2014,
	title = {Fitting heavy tailed distributions: the {poweRlaw} package},
	journaltitle = {{arXiv} e-prints},
	author = {Gillespie, Colin S.},
	date = {2014-07-13},
	note = {\_eprint: 1407.3492}
}

@book{siegel_nonparametric_1988,
	location = {New York},
	title = {Nonparametric statistics for the behavioural sciences},
	publisher = {{McGraw}-Hill},
	author = {Siegel, Sidney and Castellan, N. John},
	date = {1988}
}

@article{eimas_selective_1973,
	title = {Selective adaptation of linguistic feature detectors},
	volume = {4},
	issn = {0010-0285},
	doi = {10.1016/0010-0285(73)90006-6},
	pages = {99--109},
	number = {1},
	journaltitle = {Cognitive Psychology},
	author = {Eimas, Peter D. and Corbit, John D.},
	date = {1973}
}

@article{dockum_swadesh_2019,
	title = {Swadesh lists are not long enough: Drawing phonological generalizations from limited data},
	volume = {16},
	pages = {35--54},
	journaltitle = {Language Documentation and Description},
	author = {Dockum, Rikker and Bowern, Claire},
	date = {2019}
}

@article{spiegelhalter_omnibus_1980,
	title = {An omnibus test for normality for small samples},
	volume = {67},
	issn = {0006-3444},
	doi = {10.1093/biomet/67.2.493},
	pages = {493--496},
	number = {2},
	journaltitle = {Biometrika},
	author = {Spiegelhalter, D. J.},
	date = {1980-01-01}
}

@article{farrell_comprehensive_2006,
	title = {Comprehensive study of tests for normality and symmetry: Extending the Spiegelhalter test},
	volume = {76},
	issn = {0094-9655},
	doi = {10.1080/10629360500109023},
	pages = {803--816},
	number = {9},
	journaltitle = {Journal of Statistical Computation and Simulation},
	author = {Farrell, Patrick J. and Rogers-Stewart, Katrina},
	date = {2006-09-01}
}

@unpublished{hudson_walmajarri_1993,
	location = {Canberra},
	title = {Walmajarri Dictionary},
	url = {aseda.aiatsis.gov.au},
	type = {wordlist},
	howpublished = {wordlist},
	author = {Hudson, Joyce and Richards, Eirlys},
	date = {1993}
}

@incollection{round_segment_2020,
	location = {Oxford},
	title = {Segment inventories in Australian languages},
	booktitle = {Oxford Guide to Australian languages},
	publisher = {Oxford University Press},
	author = {Round, Erich R.},
	editor = {Bowern, Claire},
	date = {2020}
}

@article{vuong_likelihood_1989,
	title = {Likelihood Ratio Tests for Model Selection and Non-Nested Hypotheses},
	volume = {57},
	issn = {0012-9682},
	doi = {10.2307/1912557},
	pages = {307--333},
	number = {2},
	journaltitle = {Econometrica},
	author = {Vuong, Quang H.},
	date = {1989}
}

@article{kullback_information_1951,
	title = {On Information and Sufficiency},
	volume = {22},
	issn = {0003-4851},
	pages = {79--86},
	number = {1},
	journaltitle = {The Annals of Mathematical Statistics},
	author = {Kullback, S. and Leibler, R. A.},
	date = {1951}
}

@book{moran_unicode_2018,
	location = {Berlin},
	title = {The Unicode cookbook for linguists: Managing writing systems using orthography profiles},
	publisher = {Language Science Press},
	author = {Moran, Steven and Cysouw, Michael},
	date = {2018}
}

@article{chao_non-uniqueness_1934,
	title = {The non-uniqueness of phonemic solutions of phonetic systems},
	volume = {4},
	pages = {363--397},
	number = {4},
	journaltitle = {Bulletin of the Institute of History and Philology, Academia Sinica},
	author = {Chao, Yuen-Ren},
	date = {1934}
}

@incollection{hockett_problem_1963,
	location = {Cambridge, {MA}},
	title = {The problem of universals in language},
	pages = {1--29},
	booktitle = {Universals of language},
	publisher = {{MIT} Press},
	author = {Hockett, Charles F.},
	editor = {Greenberg, Joseph},
	date = {1963}
}

@article{hyman_universals_2008,
	title = {Universals in phonology},
	volume = {25},
	doi = {10.1515/TLIR.2008.003},
	pages = {83--137},
	number = {1},
	journaltitle = {The Linguistic Review},
	author = {Hyman, Larry M.},
	date = {2008}
}

@book{dresher_contrastive_2009,
	location = {Cambridge},
	title = {The contrastive hierarchy in phonology},
	publisher = {Cambridge University Press},
	author = {Dresher, B. Elan},
	date = {2009}
}

@article{lass_vowel_1984,
	title = {Vowel system universals and typology: Prologue to theory},
	volume = {1},
	doi = {10.1017/S0952675700000300},
	pages = {75--111},
	journaltitle = {Phonology Yearbook},
	author = {Lass, Roger},
	date = {1984}
}

@incollection{van_der_hulst_phonological_2017,
	location = {Cambridge},
	title = {Phonological typology},
	pages = {39--77},
	booktitle = {The Cambridge Handbook of Linguistic Typology},
	publisher = {Cambridge University Press},
	author = {van der Hulst, Harry},
	editor = {Aikhenvald, Alexandra Y. and Dixon, Robert M. W.},
	date = {2017}
}

@incollection{kiparsky_formal_2018,
	location = {Berlin},
	title = {Formal and empirical issues in phonological typology},
	pages = {54--106},
	booktitle = {Phonological typology},
	publisher = {De Gruyter Mouton},
	author = {Kiparsky, Paul},
	editor = {Hyman, Larry M. and Plank, Frans},
	date = {2018}
}

@article{round_matthew_2017,
	title = {Matthew K. Gordon: Phonological typology (review)},
	volume = {51},
	doi = {10.1515/flin-2017-0027},
	pages = {745--755},
	number = {3},
	journaltitle = {Folia Linguistica},
	author = {Round, Erich R.},
	date = {2017}
}

@incollection{round_phonemic_2019,
	location = {Jena, Germany},
	title = {Phonemic inventories of Australia (database of 392 languages)},
	booktitle = {{PHOIBLE} 2.0},
	publisher = {Max Planck Institute for the Science of Human History},
	author = {Round, Erich R.},
	editor = {Moran, Steven and {McCloy}, Daniel},
	date = {2019}
}

@book{round_australian_2019,
	title = {Australian phonemic inventories contributed to {PHOIBLE} 2.0: Essential explanatory notes},
	url = {doi:10.5281/zenodo.3464333},
	publisher = {Zenodo},
	author = {Round, Erich R.},
	date = {2019}
}

@book{chang_shiny_2018,
	title = {shiny: Web Application Framework for R},
	url = {https://CRAN.R-project.org/package=shiny},
	author = {Chang, Winston and Cheng, Joe and Allaire, J. J. and Xie, Yihui and {McPherson}, Jonathan},
	date = {2018},
	keywords = {inA1}
}

@article{kuba_limiting_2012,
	title = {Limiting distributions for a class of diminishing urn models},
	volume = {44},
	pages = {87--116},
	number = {1},
	journaltitle = {Advances in Applied Probability},
	author = {Kuba, Markus and Panholzer, Alois},
	date = {2012},
	note = {Publisher: Cambridge University Press}
}

@article{bowern_computational_2018,
	title = {Computational phylogenetics},
	volume = {4},
	doi = {10.1146/annurev-linguistics-011516-034142},
	pages = {281--296},
	number = {1},
	journaltitle = {Annual Review of Linguistics},
	author = {Bowern, Claire},
	date = {2018}
}

@article{bowern_computational_2012,
	title = {Computational phylogenetics and the internal structure of Pama-Nyungan},
	volume = {88},
	doi = {10.1353/lan.2012.0081},
	pages = {817--845},
	number = {4},
	journaltitle = {Language},
	author = {Bowern, Claire and Atkinson, Quentin D.},
	date = {2012-01},
	keywords = {inA2}
}

@article{bouckaert_origin_2018,
	title = {The origin and expansion of Pama-Nyungan languages across Australia},
	volume = {2},
	issn = {2397-334X},
	doi = {10.1038/s41559-018-0489-3},
	pages = {741--749},
	number = {4},
	journaltitle = {Nature Ecology \& Evolution},
	author = {Bouckaert, Remco R. and Bowern, Claire and Atkinson, Quentin D.},
	date = {2018-04},
	keywords = {inA2}
}

@book{meillet_methode_1925,
	location = {Paris},
	title = {La méthode comparative en linguistique historique},
	publisher = {Honoré Champion},
	author = {Meillet, Antoine},
	date = {1925}
}

@book{campbell_historical_2004,
	location = {Cambridge, {MA}},
	title = {Historical linguistics: An introduction},
	isbn = {978-0-262-53267-9},
	shorttitle = {Historical Linguistics},
	publisher = {{MIT} Press},
	author = {Campbell, Lyle},
	date = {2004},
	keywords = {Language Arts \& Disciplines / Linguistics / General}
}

@incollection{weiss_comparative_2014,
	location = {London},
	title = {The comparative method},
	series = {Routledge Handbooks in Linguistics},
	pages = {127--145},
	booktitle = {The Routledge Handbook of Historical Linguistics},
	publisher = {Routledge},
	author = {Weiss, Michael},
	editor = {Bowern, Claire and Evans, Bethwyn},
	date = {2014},
	doi = {10.4324/9781315794013.ch4}
}

@article{chang_ancestry-constrained_2015,
	title = {Ancestry-constrained phylogenetic analysis supports the Indo-European steppe hypothesis},
	volume = {91},
	issn = {1535-0665},
	doi = {10.1353/lan.2015.0005},
	pages = {194--244},
	number = {1},
	journaltitle = {Language},
	author = {Chang, Will and Cathcart, Chundra and Hall, David and Garrett, Andrew},
	date = {2015-03}
}

@article{kolipakam_bayesian_2018,
	title = {A Bayesian phylogenetic study of the Dravidian language family},
	volume = {5},
	issn = {2054-5703},
	doi = {10.1098/rsos.171504},
	pages = {171504},
	number = {3},
	journaltitle = {Royal Society Open Science},
	author = {Kolipakam, Vishnupriya and Jordan, Fiona M. and Dunn, Michael and Greenhill, Simon J. and Bouckaert, Remco R. and Gray, Russell D. and Verkerk, Annemarie},
	date = {2018-03-01},
	file = {Snapshot:/Users/jaydencordes/Zotero/storage/PSWSZT57/171504.html:text/html}
}

@article{list_potential_2017,
	title = {The potential of automatic word comparison for historical linguistics},
	volume = {12},
	issn = {1932-6203},
	doi = {10.1371/journal.pone.0170046},
	pages = {e0170046},
	number = {1},
	journaltitle = {{PLoS} {ONE}},
	author = {List, Johann-Mattis and Greenhill, Simon J. and Gray, Russell D.},
	date = {2017-01},
	keywords = {Algorithms, Clustering algorithms, Evolutionary biology, Historical linguistics, Language families, Languages, Multiple alignment calculation, Phonology}
}

@article{list_sequence_2018,
	title = {Sequence comparison in computational historical linguistics},
	volume = {3},
	doi = {10.1093/jole/lzy006},
	pages = {130--144},
	number = {2},
	journaltitle = {Journal of Language Evolution},
	author = {List, Johann-Mattis and Walworth, Mary and Greenhill, Simon J. and Tresoldi, Tiago and Forkel, Robert},
	date = {2018},
	file = {Full Text PDF:/Users/jaydencordes/Zotero/storage/IXBLCFNL/List et al. - Sequence comparison in computational historical li.pdf:application/pdf;Snapshot:/Users/jaydencordes/Zotero/storage/ZMHP3A8N/5050100.html:text/html}
}

@incollection{nichols_sprung_1997,
	location = {Melbourne},
	title = {Sprung from two common sources: Sahul as a linguistic area},
	booktitle = {Archaeology and linguistics: Aboriginal Australia in global perspective},
	publisher = {Oxford University Press},
	author = {Nichols, Johanna},
	editor = {{McConvell}, Patrick and Evans, Nicholas},
	date = {1997}
}

@article{dunn_structural_2005,
	title = {Structural phylogenetics and the reconstruction of ancient language history},
	volume = {309},
	issn = {0036-8075, 1095-9203},
	doi = {10.1126/science.1114615},
	pages = {2072--2075},
	number = {5743},
	journaltitle = {Science},
	author = {Dunn, Michael and Terrill, Angela and Reesink, Ger and Foley, Robert A. and Levinson, Stephen C.},
	date = {2005-09},
	pmid = {16179483}
}

@article{rexova_cladistic_2006,
	title = {Cladistic analysis of Bantu languages: A new tree based on combined lexical and grammatical data},
	volume = {93},
	issn = {0028-1042, 1432-1904},
	doi = {10.1007/s00114-006-0088-z},
	shorttitle = {Cladistic analysis of Bantu languages},
	pages = {189--194},
	number = {4},
	journaltitle = {Naturwissenschaften},
	author = {Rexová, Kateřina and Bastin, Yvonne and Frynta, Daniel},
	date = {2006-04}
}

@article{greenhill_evolutionary_2017,
	title = {Evolutionary dynamics of language systems},
	volume = {114},
	issn = {0027-8424, 1091-6490},
	doi = {10.1073/pnas.1700388114},
	pages = {E8822--E8829},
	number = {42},
	journaltitle = {Proceedings of the National Academy of Sciences},
	author = {Greenhill, Simon J. and Wu, Chieh-Hsi and Hua, Xia and Dunn, Michael and Levinson, Stephen C. and Gray, Russell D.},
	date = {2017-10},
	pmid = {29073028},
	keywords = {language dynamics, language evolution, language phylogenies, linguistics, typology}
}

@article{delsuc_phylogenomics_2005,
	title = {Phylogenomics and the reconstruction of the tree of life},
	volume = {6},
	issn = {1471-0064},
	doi = {10.1038/nrg1603},
	pages = {361--375},
	number = {5},
	journaltitle = {Nature Reviews Genetics},
	author = {Delsuc, Frédéric and Brinkmann, Henner and Philippe, Hervé},
	date = {2005-05}
}

@article{marin_undersampling_2018,
	title = {Undersampling genomes has biased time and rate estimates throughout the tree of life},
	volume = {35},
	doi = {10.1093/molbev/msy103},
	pages = {2077--2084},
	number = {8},
	journaltitle = {Molecular Biology and Evolution},
	author = {Marin, Julie and Hedges, S. Blair and Tamura, Koichiro},
	date = {2018}
}

@article{wortley_how_2005,
	title = {How much data are needed to resolve a difficult phylogeny? Case study in lamiales},
	volume = {54},
	issn = {1063-5157},
	doi = {10.1080/10635150500221028},
	shorttitle = {How Much Data are Needed to Resolve a Difficult Phylogeny?},
	pages = {697--709},
	number = {5},
	journaltitle = {Systematic Biology},
	author = {Wortley, Alexandra H. and Rudall, Paula J. and Harris, David J. and Scotland, Robert W. and Linder, Peter},
	date = {2005-10}
}

@article{hyman_role_1970,
	title = {The role of borrowing in the justification of phonological grammars},
	volume = {1},
	issn = {00390-3533},
	url = {https://journals.linguisticsociety.org/elanguage/sal/article/view/927.html},
	pages = {1--48},
	number = {1},
	journaltitle = {Studies in African Linguistics},
	author = {Hyman, Larry M.},
	date = {1970}
}

@incollection{dresher_main_2005,
	location = {Amsterdam},
	title = {Main stress left in early Middle English},
	isbn = {978-90-272-9477-7},
	pages = {76--85},
	booktitle = {Historical Linguistics 2003: Selected Papers from the 16th International Conference on Historical Linguistics},
	publisher = {John Benjamins},
	author = {Dresher, B. Elan and Lahiri, Aditi},
	editor = {Fortescue, Michael and Mogensen, Jens Erik and Schøsler, Lene},
	date = {2005-01},
	doi = {10.1075/cilt.257}
}

@book{gordon_phonological_2016,
	location = {Oxford},
	title = {Phonological Typology},
	isbn = {978-0-19-966901-1},
	series = {Oxford Surveys in Phonology and Phonetics},
	number = {1},
	publisher = {Oxford University Press},
	author = {Gordon, Matthew K.},
	date = {2016},
	keywords = {Language Arts \& Disciplines / Communication Studies, Language Arts \& Disciplines / Linguistics / Phonetics \& Phonology}
}

@inproceedings{cysouw_towards_2007,
	title = {Towards a comprehensive Languoid Catalog},
	url = {http://cysouw.de/home/presentations_files/cysouwCATALOGUE_slides.pdf},
	eventtitle = {Language Catalogue Meeting},
	booktitle = {Language Catalogue Meeting},
	author = {Cysouw, Michael and Good, Jeff},
	urldate = {2019-12-11},
	date = {2007-06-28},
	note = {event-place: Leipsig, Germany}
}

@article{good_languoid_2013,
	title = {Languoid, doculect, and glossonym: Formalizing the notion 'language'},
	volume = {7},
	url = {http://hdl.handle.net/10125/4606},
	shorttitle = {Languoid, Doculect, and Glossonym},
	pages = {331--359},
	journaltitle = {Language Documentation and Conservation},
	author = {Good, Jeff and Cysouw, Michael},
	date = {2013-12}
}

@inproceedings{wurm_aboriginal_1963,
	title = {Aboriginal languages: The present state of knowledge},
	pages = {127--148},
	booktitle = {Australian Aboriginal studies: A symposium of papers presented at the 1961 research conference},
	publisher = {Oxford University Press},
	author = {Wurm, Stephen Adolphe},
	editor = {Shiels, Helen},
	date = {1963},
	note = {event-place: Melbourne}
}

@incollection{alpher_pama-nyungan_2004,
	location = {Amsterdam},
	title = {Pama-Nyungan: Phonological reconstruction and status as a phylogenetic group},
	series = {Current Issues in Linguistic Theory},
	pages = {93--126},
	number = {249},
	booktitle = {Australian Languages: Classification and the comparative method},
	publisher = {John Benjamins Publishing Company},
	author = {Alpher, Barry Jacob},
	editor = {Bowern, Claire and Koch, Harold},
	date = {2004}
}

@article{ogrady_languages_1966,
	title = {Languages of the world: Indo-Pacific fascicle six},
	shorttitle = {Languages of the world},
	pages = {1--197},
	journaltitle = {Anthropological Linguistics},
	author = {O'Grady, Geoffrey N. and Voegelin, Charles Frederick and Voegelin, Florence M.},
	date = {1966}
}

@book{wurm_languages_1972,
	location = {The Hague},
	title = {Languages of Australia and Tasmania},
	publisher = {Mouton},
	author = {Wurm, Stephen Adolphe},
	date = {1972}
}

@article{austin_proto-kanyara_1981,
	title = {Proto-Kanyara and Proto-Mantharta historical phonology},
	volume = {54},
	issn = {00243841},
	doi = {10.1016/0024-3841(81)90009-7},
	pages = {295--333},
	number = {4},
	journaltitle = {Lingua},
	author = {Austin, Peter},
	date = {1981-08}
}

@book{dixon_australian_2002,
	location = {Cambridge},
	title = {Australian languages: Their nature and development},
	isbn = {978-0-521-47378-1},
	series = {Cambridge language surveys},
	shorttitle = {Australian languages},
	publisher = {Cambridge University Press},
	author = {Dixon, R. M. W.},
	date = {2002},
	keywords = {Aboriginal Australians, Australian languages, Foreign Language Study / Miscellaneous, Foreign Language Study / Oceanic \& Australian Languages, Grammar, Language Arts \& Disciplines / Linguistics / General, Language Arts \& Disciplines / Linguistics / Historical \& Comparative, languages}
}

@collection{bowern_australian_2004,
	location = {Amsterdam},
	title = {Australian languages: Classification and the comparative method},
	series = {Current Issues in Linguistic Theory},
	number = {249},
	publisher = {John Benjamins},
	editor = {Bowern, Claire and Koch, Harold},
	date = {2004}
}

@book{schmidt_gliederung_1919,
	location = {Vienna},
	title = {Die Gliederung Australischen Sprachen: Geographische, Bibliographische, Linguistische Grundzüge der Erforschung der Australischen Sprachen},
	shorttitle = {Die Gliederung Australischen Sprachen},
	publisher = {Druck und Verlag der Mechitharisten-Buchdruckerei},
	author = {Schmidt, Wilhelm},
	date = {1919}
}

@incollection{baker_word_2014,
	location = {Berlin},
	title = {Word structure in Australian languages},
	isbn = {978-3-11-027977-1},
	pages = {139--214},
	booktitle = {The Languages and Linguistics of Australia: A Comprehensive Guide},
	publisher = {De Gruyter Mouton},
	author = {Baker, Brett},
	date = {2014-08},
	doi = {10.1515/9783110279771.139},
	keywords = {Language Arts \& Disciplines / Linguistics / General, Language Arts \& Disciplines / Linguistics / Historical \& Comparative}
}

@inproceedings{gasser_revisiting_2014,
	title = {Revisiting phonotactic generalizations in Australian languages},
	doi = {10.3765/amp.v1i1.17},
	eventtitle = {Phonology 2013},
	booktitle = {Supplemental Proceedings of the 2013 Annual Meeting on Phonology},
	publisher = {Linguistic Society of America},
	author = {Gasser, Emily and Bowern, Claire},
	date = {2014-03},
	note = {event-place: University of Massachusetts, Amherst},
	keywords = {Australian languages, neutralization, phoneme inventories, typology}
}

@inproceedings{round_ausphon-lexicon_2017,
	title = {The {AusPhon}-Lexicon project: 2 million normalized segments across 300 Australian languages},
	url = {http://wa.amu.edu.pl/plm_old/2017/files/abstracts/PLM2017_Abstract_Round.pdf},
	booktitle = {47th Poznań Linguistic Meeting},
	author = {Round, Erich R.},
	date = {2017-09-18},
	note = {event-place: Poznań, Poland},
	keywords = {inA2}
}

@inproceedings{bowern_pama-nyungan_2015,
	title = {Pama-Nyungan phylogenetics and beyond [plenary address]},
	doi = {10.5281/zenodo.3032846},
	eventtitle = {Lorentz Center workshop on phylogenetic methods in linguistics},
	booktitle = {Lorentz Center workshop on phylogenetic methods in linguistics},
	author = {Bowern, Claire},
	date = {2015},
	note = {event-place: Leiden University, Leiden, Netherlands},
	keywords = {inA2}
}

@article{greenhill_does_2009,
	title = {Does horizontal transmission invalidate cultural phylogenies?},
	volume = {276},
	issn = {0962-8452, 1471-2954},
	doi = {10.1098/rspb.2008.1944},
	pages = {2299--2306},
	number = {1665},
	journaltitle = {Proceedings of the Royal Society of London B: Biological Sciences},
	author = {Greenhill, Simon J. and Currie, Thomas E. and Gray, Russell D.},
	date = {2009-06},
	pmid = {19324763}
}

@article{bowern_does_2011,
	title = {Does lateral transmission obscure inheritance in hunter-gatherer languages?},
	volume = {6},
	issn = {1932-6203},
	doi = {10.1371/journal.pone.0025195},
	pages = {e25195},
	number = {9},
	journaltitle = {{PLoS} {ONE}},
	author = {Bowern, Claire and Epps, Patience and Gray, Russell and Hill, Jane and Hunley, Keith and {McConvell}, Patrick and Zentz, Jason},
	date = {2011-09},
	keywords = {Australia, California, Evolutionary linguistics, Languages, Phylogenetic analysis, Phylogenetics, Population density, Vocabulary}
}

@book{r_core_team_r_2017,
	location = {Vienna},
	title = {R: A Language and Environment for Statistical Computing},
	url = {https://www.R-project.org/},
	publisher = {R Foundation for Statistical Computing},
	author = {{R Core Team}},
	date = {2017},
	keywords = {inA2}
}

@book{orme_caper_2013,
	title = {caper: Comparative analyses of phylogenetics and evolution in R},
	url = {https://CRAN.R-project.org/package=caper},
	author = {Orme, David and Freckleton, Rob and Thomas, Gavin and Petzoldt, Thomas and Fritz, Susanne and Isaac, Nick and Pearse, Will},
	date = {2013}
}

@article{fritz_selectivity_2010,
	title = {Selectivity in mammalian extinction risk and threat types: A new measure of phylogenetic signal strength in binary traits},
	volume = {24},
	issn = {1523-1739},
	doi = {10.1111/j.1523-1739.2010.01455.x},
	shorttitle = {Selectivity in Mammalian Extinction Risk and Threat Types},
	pages = {1042--1051},
	number = {4},
	journaltitle = {Conservation Biology},
	author = {Fritz, Susanne A. and Purvis, Andy},
	date = {2010-02}
}

@inproceedings{dockum_phylogeny_2018,
	title = {Phylogeny in phonology: How tai sound systems encode their past},
	doi = {10.3765/amp.v5i0.4238},
	shorttitle = {Phylogeny in Phonology},
	eventtitle = {Annual Meeting on Phonology ({AMP}-2017)},
	booktitle = {Supplemental Proceedings of the 2017 Annual Meeting on Phonology},
	publisher = {Linguistic Society of America},
	author = {Dockum, Rikker},
	date = {2018-02-10},
	note = {event-place: New York},
	keywords = {computational phylogenetics, historical linguistics, historical phonology, Kra-Dai languages, phylogenetic signal, tai languages},
	file = {Snapshot:/Users/jaydencordes/Zotero/storage/4P9NQDRK/3876.html:text/html}
}

@article{blomberg_testing_2003,
	title = {Testing for phylogenetic signal in comparative data: Behavioral traits are more labile},
	volume = {57},
	shorttitle = {Testing for phylogenetic signal in comparative data},
	pages = {717--745},
	number = {4},
	journaltitle = {Evolution},
	author = {Blomberg, Simon P. and Garland, Jr., Theodore and Ives, Anthony R.},
	date = {2003}
}

@article{kembel_picante_2010,
	title = {Picante: R tools for integrating phylogenies and ecology},
	volume = {26},
	doi = {10.1093/bioinformatics/btq166},
	pages = {1463--1464},
	number = {11},
	journaltitle = {Bioinformatics},
	author = {Kembel, Steven W. and Cowan, Peter D. and Helmus, Mattew R. and Cornwell, William K. and Morlon, Helene and Ackerly, David D. and Blomberg, Simon P. and Webb, Campbell O.},
	date = {2010}
}

@article{munkemuller_how_2012,
	title = {How to measure and test phylogenetic signal},
	volume = {3},
	issn = {2041-210X},
	doi = {10.1111/j.2041-210X.2012.00196.x},
	pages = {743--756},
	number = {4},
	journaltitle = {Methods in Ecology and Evolution},
	author = {Münkemüller, Tamara and Lavergne, Sébastien and Bzeznik, Bruno and Dray, Stéphane and Jombart, Thibaut and Schiffers, Katja and Thuiller, Wilfried},
	date = {2012},
	keywords = {assembly rules, comparative analysis, evolutionary community ecology, niche similarity, phylogenetic niche conservatism, trait evolution}
}

@article{zheng_new_2009,
	title = {New multivariate tests for phylogenetic signal and trait correlations applied to ecophysiological phenotypes of nine Manglietia species},
	volume = {23},
	issn = {1365-2435},
	doi = {10.1111/j.1365-2435.2009.01596.x},
	pages = {1059--1069},
	number = {6},
	journaltitle = {Functional Ecology},
	author = {Zheng, Li and Ives, Anthony R. and Garland, Jr., Theodore and Larget, Bret R. and Yu, Yang and Cao, Kunfang},
	date = {2009},
	keywords = {character syndromes, comparative methods, Magnoliaceae, phylogenetic inertia, phylogenetic signal, shade tolerance, strategy}
}

@article{uyeda_rethinking_2018,
	title = {Rethinking phylogenetic comparative methods},
	volume = {67},
	doi = {10.1093/sysbio/syy031},
	pages = {1091--1109},
	number = {6},
	journaltitle = {Systematic Biology},
	author = {Uyeda, Josef C. and Zenil-Ferguson, Rosana and Pennell, Matthew W. and Matzke, Nicholas},
	date = {2018-11}
}

@book{wilkinson_grammar_2005,
	location = {New York},
	title = {The Grammar of Graphics},
	isbn = {9780387245447 9780387286952 9786610460663},
	series = {Statistics and Computing},
	publisher = {Springer},
	author = {Wilkinson, Leland and Wills, Graham},
	date = {2005},
	keywords = {inA2}
}

@article{garland_polytomies_1999,
	title = {Polytomies and phylogenetically independent contrasts: Examination of the bounded degrees of freedom approach},
	volume = {48},
	issn = {1063-5157},
	doi = {10.1080/106351599260139},
	shorttitle = {Polytomies and Phylogenetically Independent Contrasts},
	pages = {547--558},
	number = {3},
	journaltitle = {Systematic Biology},
	shortjournal = {Syst Biol},
	author = {Garland, Jr., Theodore and Díaz-Uriarte, Ramón},
	date = {1999-07-01},
	file = {Full Text PDF:/Users/jaydencordes/Zotero/storage/2IEZKBJR/Garland et al. - 1999 - Polytomies and Phylogenetically Independent Contra.pdf:application/pdf;Snapshot:/Users/jaydencordes/Zotero/storage/S5KZ9LDW/1641528.html:text/html}
}

@article{bouckaert_beast_2014,
	title = {{BEAST} 2: A Software Platform for Bayesian Evolutionary Analysis},
	volume = {10},
	issn = {1553-7358},
	doi = {10.1371/journal.pcbi.1003537},
	shorttitle = {{BEAST} 2},
	pages = {e1003537},
	number = {4},
	journaltitle = {{PLoS} Computational Biology},
	author = {Bouckaert, Remco R. and Heled, Joseph and Kühnert, Denise and Vaughan, Tim and Wu, Chieh-Hsi and Xie, Dong and Suchard, Marc A. and Rambaut, Andrew and Drummond, Alexei J.},
	editor = {Prlic, Andreas},
	date = {2014-04-10},
	keywords = {inA2}
}

@book{bowern_pama-nyungan_2018,
	title = {Pama-Nyungan cognate judgements: 285 languages},
	url = {10.5281/zenodo.1318310},
	author = {Bowern, Claire},
	date = {2018-07},
	keywords = {inA2}
}

@article{bowern_chirila_2016,
	title = {Chirila: Contemporary and historical resources for the Indigenous languages of Australia},
	volume = {10},
	issn = {1934-5275},
	url = {http://hdl.handle.net/10125/24685},
	shorttitle = {Chirila},
	journaltitle = {Language Documentation and Conservation},
	author = {Bowern, Claire},
	date = {2016-03},
	keywords = {inA2}
}

@article{felsenstein_phylogenies_1985,
	title = {Phylogenies and the comparative method},
	volume = {125},
	issn = {0003-0147},
	doi = {10.1086/284325},
	pages = {1--15},
	number = {1},
	journaltitle = {The American Naturalist},
	author = {Felsenstein, Joseph},
	date = {1985}
}

@article{grafen_phylogenetic_1989,
	title = {The phylogenetic regression},
	volume = {326},
	issn = {0962-8436},
	doi = {10.1098/rstb.1989.0106},
	pages = {119--157},
	number = {1233},
	journaltitle = {Philosophical Transactions of the Royal Society of London. Series B, Biological Sciences},
	shortjournal = {Philos. Trans. R. Soc. Lond., B, Biol. Sci.},
	author = {Grafen, Alan},
	date = {1989},
	pmid = {2575770},
	keywords = {Animals, Biological, Models, Phylogeny, Random Aladdress, Regression Analysis, Statistical}
}

@book{nunn_comparative_2011,
	location = {Chicago},
	title = {The comparative approach in evolutionary anthropology and biology},
	publisher = {University of Chicago Press},
	author = {Nunn, Charles L.},
	date = {2011}
}

@article{dunn_evolved_2011,
	title = {Evolved structure of language shows lineage-specific trends in word-order universals},
	volume = {473},
	issn = {1476-4687},
	doi = {10.1038/nature09923},
	pages = {79--82},
	number = {7345},
	journaltitle = {Nature},
	author = {Dunn, Michael and Greenhill, Simon J. and Levinson, Stephen C. and Gray, Russell D.},
	date = {2011-05}
}

@article{maurits_tracing_2014,
	title = {Tracing the roots of syntax with Bayesian phylogenetics},
	volume = {111},
	issn = {0027-8424, 1091-6490},
	doi = {10.1073/pnas.1319042111},
	pages = {13576--13581},
	number = {37},
	journaltitle = {Proceedings of the National Academy of Sciences},
	author = {Maurits, Luke and Griffiths, Thomas L.},
	date = {2014-09},
	pmid = {25192934},
	keywords = {computational historical linguistics, language evolution, psycholinguistics}
}

@article{verkerk_diachronic_2014,
	title = {Diachronic change in Indo-European motion event encoding},
	volume = {4},
	issn = {2210-2116, 2210-2124},
	doi = {10.1075/jhl.4.1.02ver},
	pages = {40--83},
	number = {1},
	journaltitle = {Journal of Historical Linguistics},
	author = {Verkerk, Annemarie},
	date = {2014-01}
}

@article{birchall_comparison_2015,
	title = {A comparison of verbal person marking across Tupian languages},
	volume = {10},
	issn = {1981-8122},
	doi = {10.1590/1981-81222015000200007.},
	pages = {325--345},
	number = {2},
	journaltitle = {Boletim do Museu Paraense Emílio Goeldi. Ciências Humanas},
	author = {Birchall, Joshua},
	date = {2015-08}
}

@article{zhou_quantifying_2015,
	title = {Quantifying uncertainty in the phylogenetics of Australian numeral systems},
	volume = {282},
	issn = {0962-8452, 1471-2954},
	doi = {10.1098/rspb.2015.1278},
	pages = {20151278},
	number = {1815},
	journaltitle = {Proceedings of the Royal Society B},
	author = {Zhou, Kevin and Bowern, Claire},
	date = {2015-09},
	pmid = {26378214}
}

@article{calude_typology_2016,
	title = {The typology and diachrony of higher numerals in Indo-European: A phylogenetic comparative study},
	volume = {1},
	issn = {2058-4571},
	doi = {10.1093/jole/lzw003},
	shorttitle = {The typology and diachrony of higher numerals in Indo-European},
	pages = {91--108},
	number = {2},
	journaltitle = {Journal of Language Evolution},
	author = {Calude, Andreea S. and Verkerk, Annemarie},
	date = {2016-07}
}

@article{dunn_dative_2017,
	title = {Dative sickness: A phylogenetic analysis of argument structure evolution in Germanic},
	volume = {93},
	issn = {1535-0665},
	doi = {10.1353/lan.2017.0012},
	shorttitle = {Dative sickness},
	pages = {e1--e22},
	number = {1},
	journaltitle = {Language},
	author = {Dunn, Michael and Dewey, Tonya Kim and Arnett, Carlee and Eythórsson, Thórhallur and Barðdal, Jóhanna},
	date = {2017-03}
}

@inproceedings{verkerk_phylogenetic_2017,
	title = {Phylogenetic comparative methods for typologists (Focusing on families and regions: A plea for using phylogenetic comparative methods in linguistic typology)},
	eventtitle = {Quantitative Analysis in Typology: The logic of choice among methods (workshop at the 12th Conference of the Association for Linguistic Typology},
	booktitle = {Quantitative Analysis in Typology: The logic of choice among methods (workshop at the 12th Conference of the Association for Linguistic Typology},
	publisher = {Australian National University},
	author = {Verkerk, Annemarie},
	date = {2017-12},
	note = {event-place: Canberra, Australia}
}

@article{revell_phylogenetic_2008,
	title = {Phylogenetic signal, evolutionary process, and rate},
	volume = {57},
	issn = {1063-5157},
	doi = {10.1080/10635150802302427},
	pages = {591--601},
	number = {4},
	journaltitle = {Systematic Biology},
	author = {Revell, Liam J. and Harmon, Luke J. and Collar, David C. and Oakley, Todd},
	date = {2008-08}
}

@article{balisi_dietary_2018,
	title = {Dietary specialization is linked to reduced species durations in North American fossil canids},
	volume = {5},
	issn = {2054-5703},
	doi = {10.1098/rsos.171861},
	pages = {171861},
	number = {4},
	journaltitle = {Royal Society Open Science},
	author = {Balisi, Mairin and Casey, Corinna and Valkenburgh, Blaire Van},
	date = {2018-04}
}

@article{hutchinson_contemporary_2018,
	title = {Contemporary ecological interactions improve models of past trait evolution},
	volume = {67},
	doi = {10.1093/sysbio/syy012},
	pages = {861--872},
	number = {5},
	journaltitle = {Systematic Biology},
	author = {Hutchinson, Matthew C. and Gaiarsa, Marília P. and Stouffer, Daniel B.},
	date = {2018}
}

@article{leff_predicting_2018,
	title = {Predicting the structure of soil communities from plant community taxonomy, phylogeny, and traits},
	volume = {12},
	issn = {1751-7370},
	doi = {10.1038/s41396-018-0089-x},
	pages = {1794--1805},
	journaltitle = {The {ISME} Journal},
	author = {Leff, Jonathan W. and Bardgett, Richard D. and Wilkinson, Anna and Jackson, Benjamin G. and Pritchard, William J. and Long, Jonathan R. and Oakley, Simon and Mason, Kelly E. and Ostle, Nicholas J. and Johnson, David and Baggs, Elizabeth M. and Fierer, Noah},
	date = {2018-03}
}

@article{blomberg_tempo_2002,
	title = {Tempo and mode in evolution: Phylogenetic inertia, adaptation and comparative methods},
	volume = {15},
	issn = {1420-9101},
	doi = {10.1046/j.1420-9101.2002.00472.x},
	shorttitle = {Tempo and mode in evolution},
	pages = {899--910},
	number = {6},
	journaltitle = {Journal of Evolutionary Biology},
	author = {Blomberg, Simon P. and Garland, Jr., Theodore},
	date = {2002},
	keywords = {adaptation, comparative methods, constraint, independent contrasts, natural selection, phylogenetic inertia, statistics}
}

@article{freckleton_phylogenetic_2002,
	title = {Phylogenetic analysis and comparative data: A test and review of evidence},
	volume = {160},
	issn = {0003-0147},
	doi = {10.1086/343873},
	shorttitle = {Phylogenetic Analysis and Comparative Data},
	pages = {712--726},
	number = {6},
	journaltitle = {The American Naturalist},
	author = {Freckleton, Robert P. and Harvey, Paul H. and Pagel, Mark},
	date = {2002-12}
}

@inproceedings{rama_are_2018,
	title = {Are Automatic Methods for Cognate Detection Good Enough for Phylogenetic Reconstruction in Historical Linguistics?},
	doi = {10.18653/v1/N18-2063},
	eventtitle = {2018 Conference of the North American Chapter of the Association for Computational Linguistics},
	pages = {393--400},
	booktitle = {Proceedings of the 2018 Conference of the North American Chapter of the Association for Computational Linguistics: Human Language Technologies, Volume 2 (Short Papers)},
	publisher = {Association for Computational Linguistics},
	author = {Rama, Taraka and List, Johann-Mattis and Wahle, Johannes and Jäger, Gerhard},
	date = {2018-06},
	note = {event-place: New Orleans}
}

@incollection{round_phonotactics_2020,
	location = {Oxford},
	title = {Phonotactics in Australian languages},
	booktitle = {Oxford Guide to Australian languages},
	publisher = {Oxford University Press},
	author = {Round, Erich R.},
	editor = {Bowern, Claire},
	date = {2020}
}

@incollection{koch_historical_2014,
	location = {Berlin},
	title = {Historical relations among the Australian languages: Genetic classification and contact-based diffusion},
	isbn = {978-3-11-027977-1},
	shorttitle = {2. Historical relations among the Australian languages},
	pages = {23--90},
	booktitle = {The Languages and Linguistics of Australia: A Comprehensive Guide},
	publisher = {De Gruyter Mouton},
	author = {Koch, Harold},
	date = {2014},
	doi = {10.1515/9783110279771.23}
}

@inproceedings{bowern_standard_2017,
	title = {Standard Average Australian?},
	doi = {10.5281/zenodo.1104222},
	booktitle = {12th Conference of the Association for Linguistic Typology ({ALT} 2017)},
	author = {Bowern, Claire},
	date = {2017-12-12},
	note = {event-place: Australian National University, Canberra, Australia}
}

@article{widmer_np_2017,
	title = {{NP} recursion over time: Evidence from Indo-European},
	volume = {93},
	issn = {1535-0665},
	doi = {10.1353/lan.2017.0058},
	pages = {799--826},
	number = {4},
	journaltitle = {Language},
	author = {Widmer, Manuel and Auderset, Sandra and Nichols, Johanna and Widmer, Paul and Bickel, Balthasar},
	date = {2017-12-21}
}

@article{blasi_human_2019,
	title = {Human sound systems are shaped by post-Neolithic changes in bite configuration},
	volume = {363},
	issn = {0036-8075, 1095-9203},
	doi = {10.1126/science.aav3218},
	number = {6432},
	journaltitle = {Science},
	author = {Blasi, Damián E. and Moran, Steven and Moisik, Scott R. and Widmer, Paul and Dediu, Dan and Bickel, Balthasar},
	date = {2019-03-15},
	pmid = {30872490}
}

@article{silverman_multiple_1992,
	title = {Multiple scansions in loanword phonology: evidence from Cantonese},
	volume = {9},
	pages = {289--328},
	number = {2},
	journaltitle = {Phonology},
	author = {Silverman, Daniel},
	date = {1992}
}

@thesis{crawford_adaptation_2009,
	title = {Adaptation and transmission in Japanese loanword phonology},
	url = {http://core.ac.uk/download/pdf/4912071.pdf},
	institution = {Cornell University},
	type = {thesis},
	author = {Crawford, Clifford James},
	date = {2009}
}

@incollection{kang_loanword_2011,
	location = {Oxford},
	title = {Loanword phonology},
	volume = {{IV}},
	pages = {2258--2282},
	booktitle = {The Blackwell companion to phonology},
	publisher = {Wiley-Blackwell},
	author = {Kang, Yoonjung},
	editor = {Van Oostendorp, Marc and Ewen, Colin J. and Hume, Elizabeth and Rice, Keren},
	date = {2011}
}

@inproceedings{moran_differential_2018,
	title = {Differential rates of change in consonant and vowel systems},
	url = {http://evolang.org/torun/proceedings/papertemplate.html?p=98},
	doi = {10.12775/3991-1.077},
	booktitle = {The Evolution of Language: Proceedings of the 12th International Conference ({EVOLANGXII})},
	publisher = {{NCU} Press},
	author = {Moran, Steven and Verkerk, Annemarie},
	editor = {Cuskley, C. and Flaherty, M. and Little, H. and {McCrohon}, Luke and Ravignani, A. and Verhoef, T.},
	date = {2018}
}

@article{moran_investigating_2020,
	title = {Investigating diachronic trends in phonological inventories using {BDPROTO}},
	issn = {1574-0218},
	doi = {10.1007/s10579-019-09483-3},
	journaltitle = {Language Resources and Evaluation},
	author = {Moran, Steven and Grossman, Eitan and Verkerk, Annemarie},
	date = {2020-01-07}
}

@article{voegelin_obtaining_1963,
	title = {Obtaining an Index of Phonological Differentiation from the Construction of Non-Existent Minimax Systems},
	volume = {29},
	issn = {0020-7071},
	pages = {4--28},
	number = {1},
	journaltitle = {International Journal of American Linguistics},
	author = {Voegelin, F. M. and Wurm, Stephen and O'Grady, Geoffrey and Matsuda, Tokuichiro and Voegelin, C. F.},
	date = {1963}
}

@unpublished{nash_mudburra_1988,
	location = {Canberra},
	title = {Mudburra wordlist},
	url = {http://aiatsis.gov.au/sites/default/files/catalogue_resources/0031_access.zip},
	type = {word list},
	howpublished = {word list},
	author = {Nash, David and {McConvell}, Patrick and Capell, Arthur and Hale, Ken and Sutton, Peter and Rose, Deborah Bird and Wafer, Jim},
	date = {1988},
	note = {Publisher: Australian Institute of Aboriginal and Torres Strait Islander Studies, Australian Indigenous Languages Collection
\_eprint: {ASEDA} 0031}
}

@article{freckleton_space_2009,
	title = {Space versus phylogeny: Disentangling phylogenetic and spatial signals in comparative data},
	volume = {276},
	url = {https://royalsocietypublishing.org/doi/10.1098/rspb.2008.0905},
	doi = {10.1098/rspb.2008.0905},
	pages = {21--30},
	number = {1654},
	journaltitle = {Proceedings of the Royal Society B: Biological Sciences},
	author = {Freckleton, Robert P. and Jetz, Walter},
	date = {2009-01-07}
}

@article{sookias_deep_2018,
	title = {Deep cultural ancestry and human development indicators across nation states},
	volume = {5},
	doi = {10.1098/rsos.171411},
	pages = {171411},
	number = {4},
	journaltitle = {Royal Society Open Science},
	author = {Sookias, Roland B. and Passmore, Samuel and Atkinson, Quentin D.},
	date = {2018}
}