% PUBLICATIONS (2016–present)

@inproceedings{round_automated_2020,
	location = {Marseille, France},
	title = {Automated Parsing of Interlinear Glossed Text from Page Images of Grammatical Descriptions},
	url = {https://www.aclweb.org/anthology/2020.lrec-1.350},
	pages = {2871--2876},
	booktitle = {12th Language Resources and Evaluation Conference ({LREC-2020})},
	publisher = {European Language Resources Association},
	author = {Round, Erich and Ellison, Mark and Macklin-Cordes, Jayden and Beniamine, Sacha},
	date = {2020-05}
}

% CONFERENCE PRESENTATIONS (2016–present)

@inproceedings{macklin-cordes_historical_2019,
	location = {Australian National University, Canberra, Australia},
	title = {Historical signal beyond the cognate: Phonotactics in linguistic phylogenetics},
	url = {https://cloudstor.aarnet.edu.au/plus/s/zN5AbJ4fXoVR0ax},
	booktitle = {24th International Conference on Historical Linguistics ({ICHL}24)},
	author = {Macklin-Cordes, Jayden L. and Round, Erich R.},
	date = {2019-07-05}
}

@inproceedings{round_clouded_2019,
	location = {Australian National University, Canberra, Australia},
	title = {Clouded vision: Why insights improve when uncertainty about data is made explicit},
	rights = {All rights reserved},
	url = {https://cloudstor.aarnet.edu.au/plus/s/WOmUM73NVJQFqf6},
	booktitle = {24th International Conference on Historical Linguistics ({ICHL}24)},
	author = {Round, Erich R. and Macklin-Cordes, Jayden L.},
	date = {2019-07-05}
}

@inproceedings{macklin-cordes_phylogeny_2018,
	location = {University of South Australia, Adelaide},
	title = {Phylogeny in phonotactics},
	subtitle = {A multivariate approach for stronger historical signal},
	rights = {All rights reserved},
	booktitle = {Australian Linguistics Society Annual Conference ({ALS})},
	author = {Macklin-Cordes, Jayden L. and Round, Erich R.},
	date = {2018-12-12}
}

@inproceedings{macklin-cordes_robots_2017,
	location = {Alexandra Park Conference Centre, Alexandra Headlands, {QLD}, Australia},
	title = {Robots who read grammars [poster]},
	doi = {https://doi.org/10.6084/m9.figshare.4625248},
	booktitle = {{CoEDL} Fest},
	author = {Macklin-Cordes, Jayden L. and Blackbourne, Nathaniel L. and Bott, Thomas J. and Cook, Jacqueline and Ellison, T. Mark and Hollis, Jordan and Kirlew, Edith E. and Richards, Genevieve C. and Zhao, Sanle and Round, Erich R.},
	date = {2017-02-06}
}

@unpublished{macklin-cordes_fine-grained_2017,
	location = {University of Kentucky, Lexington},
	title = {Fine-grained phonotactics in {Sahul}: Data-rich comparison for deep-time analysis [poster]},
	note = {{LSA} Linguistic Institute Poster Session},
	author = {Macklin-Cordes, Jayden L. and Round, Erich R.},
	date = {2017-07-30}
}

@inproceedings{macklin-cordes_high-definition_2017,
	location = {Australian National University, Canberra, Australia},
	title = {High-definition phonotactic typology in Sahul: Choosing the data-rich approach},
	doi = {10.6084/m9.figshare.5861067},
	booktitle = {12th Conference of the Association of Linguistic Typology ({ALT)}},
	author = {Macklin-Cordes, Jayden L.},
	date = {2017-12-13}
}

@inproceedings{macklin-cordes_evaluating_2016,
	location = {Western Sydney University, Australia},
	title = {Evaluating information loss from phonological dimensionality reduction},
	doi = {https://dx.doi.org/10.6084/m9.figshare.4465976},
	booktitle = {Speech Science and Technology ({SST}) Satellite Symposium: The role of predictability in shaping human language sound patterns},
	author = {Macklin-Cordes, Jayden L. and Moran, Steven P. and Round, Erich R.},
	date = {2016-12-11}
}

@inproceedings{hollis_cape_2016,
	location = {Monash University, Caulfield, Australia},
	title = {The Cape York lexical records of Bruce Sommer},
	rights = {Creative Commons Attribution-{NonCommercial}-{NoDerivatives} 4.0 International License ({CC}-{BY}-{NC}-{ND})},
	doi = {https://dx.doi.org/10.6084/m9.figshare.4299377},
	booktitle = {Australian Linguistic Society ({ALS}) Annual Conference},
	author = {Hollis, Jordan and Richards, Genevieve C. and Macklin-Cordes, Jayden L. and Round, Erich R.},
	date = {2016-12-06}
}

@inproceedings{macklin-cordes_reflections_2016,
	location = {Monash University, Caulfield, Australia},
	title = {Reflections of linguistic history in quantitative phonotactics},
	rights = {Creative Commons Attribution-{NonCommercial}-{NoDerivatives} 4.0 International License ({CC}-{BY}-{NC}-{ND})},
	doi = {https://dx.doi.org/10.6084/m9.figshare.4299365},
	booktitle = {Australian Linguistic Society ({ALS}) Annual Conference},
	author = {Macklin-Cordes, Jayden L. and Round, Erich R.},
	date = {2016-12-07}
}

@inproceedings{round_grammar_2016,
	location = {Monash University, Caulfield, Australia},
	title = {The grammar harvester},
	booktitle = {Australian Linguistic Society ({ALS}) Annual Conference},
	author = {Round, Erich R. and Cook, Jacqueline and Ellison, T. Mark and Hollis, Jordan and Macklin-Cordes, Jayden L. and Richards, Genevieve C.},
	date = {2016-12-07},
}

@unpublished{macklin-cordes_high-definition_2016,
	location = {Yale University, New Haven, {CT}},
	title = {High-definition phonotactics reflect linguistic pasts},
	type = {Yale Linguistics Friday Lunch Talk},
	howpublished = {Yale Linguistics Friday Lunch Talk},
	author = {Macklin-Cordes, Jayden L. and Round, Erich R.},
	date = {2016-10-28}
}

@inproceedings{macklin-cordes_high-definition_2016-1,
	location = {Washington, {DC}},
	title = {High-definition phonotactic data contain phylogenetic signal [poster]},
	doi = {https://dx.doi.org/10.6084/m9.figshare.4534238},
	eventtitle = {90th Annual Meeting of the Linguistic Society of America ({LSA})},
	author = {Macklin-Cordes, Jayden L. and Round, Erich R.},
	date = {2016-01-09}
}

@unpublished{macklin-cordes_linguistic_2016,
	location = {University of Queensland, Australia},
	title = {The linguistic prehistory of Sahul: A phylogenetic exploration of languages in Australia and New Guinea},
	rights = {Creative Commons Attribution-{NonCommercial}-{NoDerivatives} 4.0 International License ({CC}-{BY}-{NC}-{ND})},
	url = {https://dx.doi.org/10.6084/m9.figshare.4541713},
	type = {{PhD} confirmation seminar},
	howpublished = {{PhD} confirmation seminar},
	author = {Macklin-Cordes, Jayden L.},
	date = {2016-11-25}
}

%IN PREP/SUBMITTED/IN REVIEW

@article{macklin-cordes_re-evaluating_nodate,
	title = {Re-evaluating phoneme frequencies},
	author = {Macklin-Cordes, Jayden L. and Round, Erich R.}
	year = {in prep.}
}

@unpublished{macklin-cordes_phylogenetic_2020,
	title = {Phylogenetic signal in phonotactics [preprint]},
	url = {arXiv:2002.00527},
	type = {author-submitted preprint},
	howpublished = {author-submitted preprint},
	author = {Macklin-Cordes, Jayden L. and Bowern, Claire and Round, Erich R.},
	year = {in review},
}

%%% PRE-2016 %%%
% Publications

@inproceedings{macklin-cordes_high-definition_2015,
	location = {Tübingen},
	title = {High-definition phonotactics reflect linguistic pasts},
	doi = {10.15496/publikation-8609},
	booktitle = {Proceedings of the 6th Conference on Quantitative Investigations in Theoretical Linguistics},
	publisher = {University of Tübingen},
	author = {Macklin-Cordes, Jayden L. and Round, Erich R.},
	editor = {Wahle, Johannes and Köllner, Marisa and Baayen, Harald and Jäger, Gerhard and Baayen-Oudshoorn, Tineke},
	date = {2015-11-04}
}

% Thesis

@thesis{macklin-cordes_phylogeny_2015,
	location = {St Lucia, Australia},
	title = {Phylogeny and Phonotactics: Quantifying historical signal in sequences of sound},
	institution = {University of Queensland},
	type = {Honours thesis},
	author = {Macklin-Cordes, Jayden L.},
	date = {2015-06-05}
}

% Conference talks

@inproceedings{macklin-cordes_phylogenetic_2015,
	location = {University of Queensland, Australia},
	title = {The phylogenetic needle in a phonotactic haystack: A new tool for the historical linguist’s toolkit.},
	url = {https://www.academia.edu/12921371/The_phylogenetic_needle_in_a_phonotactic_haystack_A_new_tool_for_the_historical_linguists_toolkit},
	eventtitle = {Rhizomes {IX}: Your Research, Your World: Language, Literature and Linguistics in the Real World},
	author = {Macklin-Cordes, Jayden L.},
	date = {2015-06-11}
}

@inproceedings{round_design_2015,
	location = {Helsinki, Finland},
	title = {On the design, in practice, of typological microvariables},
	eventtitle = {New Developments in the Quantitative Study of Languages},
	author = {Round, Erich R. and Macklin-Cordes, Jayden L.},
	date = {2015-08-29}
}

@unpublished{macklin-cordes_phylogenetic_2015-1,
	location = {School of Languages and Cultures, The University of Queensland, Australia},
	title = {The phylogenetic needle in a phonotactic haystack: Quantifying phonotactic data for historical comparison},
	type = {Honours Work in Progress seminar},
	howpublished = {Honours Work in Progress seminar},
	author = {Macklin-Cordes, Jayden L.},
	date = {2015-04-24}
}

@inproceedings{round_next-generation_2014,
	location = {University of Newcastle, Australia},
	title = {Next-generation typological variables: From theory to practice, and back again},
	url = {https://www.academia.edu/10028170/Next-generation_typological_variables_from_theory_to_practice_and_back_again},
	eventtitle = {Australian Linguistic Society Annual Conference},
	author = {Round, Erich R. and Macklin-Cordes, Jayden L.},
	date = {2014-12-12},
}
