










@article{abouheif_method_1999,  title = {A method for testing the assumption of phylogenetic independence in comparative data},  volume = {1},  issn = {1522–0613},  language = {English},  number = {8},  journal = {Evolutionary Ecology Research},  author = {Abouheif, Ehab},  year = {1999},  pages = {895--909},  }
@article{adams_generalized_2014,  title = {A generalized {K} statistic for estimating phylogenetic signal from shape and other high-dimensional multivariate data},  volume = {63},  issn = {1063-5157},  doi = {10.1093/sysbio/syu030},  language = {en},  number = {5},  journal = {Systematic Biology},  author = {Adams, Dean C.},  year = {2014},  pages = {685--697},  }
@article{albright_rules_2003,  title = {Rules vs. analogy in English past tenses: A computational/experimental study},  volume = {90},  issn = {0010-0277},  doi = {10.1016/S0010-0277(03)00146-X},  shorttitle = {Rules vs. analogy in English past tenses},  pages = {119--161},  number = {2},  journaltitle = {Cognition},  shortjournal = {Cognition},  author = {Albright, Adam and Hayes, Bruce},  date = {2003},    }
@article{albright_rules_2003,  title = {Rules vs. analogy in {English} past tenses: {A} computational/experimental study},  volume = {90},  issn = {0010-0277},  doi = {10.1016/S0010-0277(03)00146-X},  shorttitle = {Rules vs. analogy in {English} past tenses},  pages = {119--161},  number = {2},  journaltitle = {Cognition},  shortjournal = {Cognition},  author = {Albright, Adam and Hayes, Bruce},  date = {2003},  keywords = {Analogy, Dual mechanism model, Past tenses, Rules, Similarity}  }
@article{atkinson_curious_2005,  title = {Curious parallels and curious connections: {Phylogenetic} thinking in biology and historical linguistics},  volume = {54},  issn = {1063-5157},  doi = {Doi 10.1080/10635150590950317},  pages = {513--526},  number = {4},  journaltitle = {Systematic Biology},  shortjournal = {Syst Biol},  author = {Atkinson, Quentin D. and Gray, R. D.},  date = {2005-08},    }
@article{atkinson_words_2005,  title = {From words to dates: {Water} into wine, mathemagic or phylogenetic inference?},  volume = {103},  issn = {1467-968X},  url = {https://onlinelibrary.wiley.com/doi/abs/10.1111/j.1467-968X.2005.00151.x},  doi = {10.1111/j.1467-968X.2005.00151.x},  shorttitle = {From words to dates},  pages = {193--219},  number = {2},  journaltitle = {Transactions of the Philological Society},  author = {Atkinson, Quentin D. and Nicholls, Geoff and Welch, David and Gray, Russell},  urldate = {2020-09-18},  date = {2005},  note = {\_eprint: https://onlinelibrary.wiley.com/doi/pdf/10.1111/j.1467-968X.2005.00151.x},    }
@article{austin_proto-kanyara_1981,  title = {{Proto-Kanyara} and {Proto-Mantharta} historical phonology},  volume = {54},  issn = {00243841},  doi = {10.1016/0024-3841(81)90009-7},  pages = {295--333},  number = {4},  journaltitle = {Lingua},  author = {Austin, Peter},  date = {1981-08},  langid = {english}  }
@article{baele_accurate_2013,  title = {Accurate Model Selection of Relaxed Molecular Clocks in {Bayesian} Phylogenetics},  volume = {30},  issn = {0737-4038},  doi = {10.1093/molbev/mss243},  pages = {239--243},  number = {2},  journaltitle = {Molecular Biology and Evolution},  shortjournal = {Mol Biol Evol},  author = {Baele, Guy and Li, Wai Lok Sibon and Drummond, Alexei J. and Suchard, Marc A. and Lemey, Philippe},  date = {2013-02},  pmid = {23090976},  pmcid = {PMC3548314},    }
@article{baele_improving_2012,  title = {Improving the Accuracy of Demographic and Molecular Clock Model Comparison While Accommodating Phylogenetic Uncertainty},  volume = {29},  issn = {0737-4038},  doi = {10.1093/molbev/mss084},  pages = {2157--2167},  number = {9},  journaltitle = {Molecular Biology and Evolution},  shortjournal = {Mol Biol Evol},  author = {Baele, Guy and Lemey, Philippe and Bedford, Trevor and Rambaut, Andrew and Suchard, Marc A. and Alekseyenko, Alexander V.},  date = {2012-09-01}  }
@article{baker_evolution_1979,  title = {The evolution of bird coloration},  volume = {287},  issn = {0080-4622, 2054-0280},  doi = {10.1098/rstb.1979.0053},  pages = {63--130},  number = {1018},  journal = {Philosophical Transactions of the Royal Society of London B: Biological Sciences},  shortjournal = {Phil. Trans. R. Soc. Lond. B},  author = {Baker, R. R. and Parker, G. A.},  year = {1979},  langid = {english},  }
@article{balisi_dietary_2018,  title = {Dietary specialization is linked to reduced species durations in {North American} fossil canids},  volume = {5},  rights = {© 2018 The Authors.. Published by the Royal Society under the terms of the Creative Commons Attribution License http://creativecommons.org/licenses/by/4.0/, which permits unrestricted use, provided the original author and source are credited.},  issn = {2054-5703},  doi = {10.1098/rsos.171861},  pages = {171861},  number = {4},  journaltitle = {Royal Society Open Science},  author = {Balisi, Mairin and Casey, Corinna and Valkenburgh, Blaire Van},  date = {2018-04},  langid = {english}  }
@article{balter_search_2004,  title = {Search for the {Indo-Europeans}},  volume = {303},  issn = {0036-8075},  url = {http://www.jstor.org/stable/3836389},  pages = {1323--1326},  number = {5662},  journaltitle = {Science},  author = {Balter, Michael},  urldate = {2020-09-20},  date = {2004},  note = {Publisher: American Association for the Advancement of Science}  }
@article{barford_changes_1999,  title = {Changes in Web client access patterns},  subtitle = {Characteristics and caching implications},  volume = {2},  issn = {1386-145X, 1573-1413},  doi = {10.1023/A:1019236319752},  pages = {15--28},  number = {1},  journaltitle = {World Wide Web},  author = {Barford, Paul and Bestavros, Azer and Bradley, Adam and Crovella, Mark},  date = {1999-06-01}  }
@article{bateman_speaking_1990,  title = {Speaking of forked tongues: {The} feasibility of reconciling human phylogeny and the history of language},  volume = {31},  issn = {0011-3204},  pages = {1--24},  number = {1},  journaltitle = {Current anthropology},  author = {Bateman, Richard and Goddard, Ives and O'Grady, Richard and Funk, V. A. and Mooi, Rich and Kress, W. John and Cannel, Peter},  date = {1990-02}  }
@article{benjamin_aboriginal_2020,  title = {Aboriginal artefacts on the continental shelf reveal ancient drowned cultural landscapes in northwest {Australia}},  volume = {15},  issn = {1932-6203},  url = {https://journals.plos.org/plosone/article?id=10.1371/journal.pone.0233912},  doi = {10.1371/journal.pone.0233912},  pages = {e0233912},  number = {7},  journaltitle = {{PLOS} {ONE}},  shortjournal = {{PLOS} {ONE}},  author = {Benjamin, Jonathan and O’Leary, Michael and {McDonald}, Jo and Wiseman, Chelsea and {McCarthy}, John and Beckett, Emma and Morrison, Patrick and Stankiewicz, Francis and Leach, Jerem and Hacker, Jorg and Baggaley, Paul and Jerbić, Katarina and Fowler, Madeline and Fairweather, John and Jeffries, Peter and Ulm, Sean and Bailey, Geoff},  urldate = {2020-12-21},  date = {2020-07-01},  note = {Publisher: Public Library of Science},    }
@article{bentz_evolution_2018,  title = {The evolution of language families is shaped by the environment beyond neutral drift},  volume = {2},  issn = {2397-3374},  doi = {10.1038/s41562-018-0457-6},  pages = {816--821},  number = {11},  journaltitle = {Nature Human Behaviour},  author = {Bentz, Christian and Dediu, Dan and Verkerk, Annemarie and Jäger, Gerhard},  date = {2018-11},  langid = {english},  }
@article{bickel_refined_2009,  title = {A refined sampling procedure for genealogical control},  volume = {61},  doi = {10.1524/stuf.2008.0022},  pages = {221},  number = {3},  journaltitle = {{STUF} - Language Typology and Universals (Sprachtypologie und Universalienforschung)},  shortjournal = {stuf},  author = {Bickel, Balthasar},  year = {2009}  }
@article{birchall_combined_2016,  title = {A Combined Comparative and Phylogenetic Analysis of the {Chapacuran} Language Family},  volume = {82},  issn = {0020-7071},  url = {https://www.journals.uchicago.edu/doi/full/10.1086/687383},  doi = {10.1086/687383},  pages = {255--284},  number = {3},  journaltitle = {International Journal of American Linguistics},  shortjournal = {International Journal of American Linguistics},  author = {Birchall, Joshua and Dunn, Michael and Greenhill, Simon J.},  urldate = {2020-12-16},  date = {2016-07-01},  note = {Publisher: The University of Chicago Press},    }
@article{birchall_comparison_2015,  title = {A comparison of verbal person marking across {Tupian} languages},  volume = {10},  issn = {1981-8122},  doi = {10.1590/1981-81222015000200007.},  pages = {325--345},  number = {2},  journaltitle = {Boletim do Museu Paraense Emílio Goeldi. Ciências Humanas},  author = {Birchall, Joshua},  date = {2015-08}  }
@article{bird_early_2019,  title = {Early human settlement of {{Sahul}} was not an accident},  volume = {9},  rights = {2019 The Author(s)},  issn = {2045-2322},  url = {http://www.nature.com/articles/s41598-019-42946-9},  doi = {10.1038/s41598-019-42946-9},  pages = {8220},  number = {1},  journaltitle = {Scientific Reports},  author = {Bird, Michael I. and Condie, Scott A. and O’Connor, Sue and O’Grady, Damien and Reepmeyer, Christian and Ulm, Sean and Zega, Mojca and Saltré, Frédérik and Bradshaw, Corey J. A.},  urldate = {2020-12-21},  date = {2019-06-17},  note = {Number: 1 Publisher: Nature Publishing Group},    }
@article{blasi_grammars_2017,  title = {Grammars are robustly transmitted even during the emergence of creole languages},  volume = {1},  issn = {2397-3374},  doi = {10.1038/s41562-017-0192-4},  pages = {723--729},  number = {10},  journal = {Nature Human Behaviour},  author = {Blasi, Damián E. and Michaelis, Susanne Maria and Haspelmath, Martin},  year = {2017},  }
@article{blasi_human_2019,  title = {Human sound systems are shaped by post-{Neolithic} changes in bite configuration},  volume = {363},  issn = {0036-8075, 1095-9203},  doi = {10.1126/science.aav3218},  number = {6432},  journaltitle = {Science},  author = {Blasi, Damián E. and Moran, Steven and Moisik, Scott R. and Widmer, Paul and Dediu, Dan and Bickel, Balthasar},  date = {2019-03-15},  pmid = {30872490}  }
@article{blasi_soundmeaning_2016,  title = {Sound–meaning association biases evidenced across thousands of languages},  volume = {113},  issn = {0027-8424, 1091-6490},  doi = {10.1073/pnas.1605782113},  pages = {10818--10823},  number = {39},  journaltitle = {Proceedings of the National Academy of Sciences},  shortjournal = {{PNAS}},  author = {Blasi, Damián E. and Wichmann, Søren and Hammarström, Harald and Stadler, Peter F. and Christiansen, Morten H.},  date = {2016-09-27},  langid = {english},  pmid = {27621455}  }
@article{blomberg_beyond_2020,  title = {Beyond {Brownian} motion and the {Ornstein-Uhlenbeck} process: {Stochastic} diffusion models for the evolution of quantitative characters},  volume = {195},  pages = {145--165},  number = {2},  journaltitle = {The American Naturalist},  author = {Blomberg, Simone P and Rathnayake, Suren I and Moreau, Cheyenne M},  date = {2020},  }
@article{blomberg_tempo_2002,  title = {Tempo and mode in evolution: {Phylogenetic} inertia, adaptation and comparative methods},  volume = {15},  issn = {1420-9101},  doi = {10.1046/j.1420-9101.2002.00472.x},  shorttitle = {Tempo and mode in evolution},  pages = {899--910},  number = {6},  journaltitle = {Journal of Evolutionary Biology},  author = {Blomberg, Simon P. and Garland, Jr., Theodore},  date = {2002},  langid = {english},  keywords = {adaptation, comparative methods, constraint, independent contrasts, natural selection, phylogenetic inertia, statistics}  }
@article{blomberg_testing_2003,  title = {Testing for phylogenetic signal in comparative data: {Behavioral} traits are more labile},  volume = {57},  shorttitle = {Testing for phylogenetic signal in comparative data},  pages = {717--745},  number = {4},  journaltitle = {Evolution},  author = {Blomberg, Simon P. and Garland, Jr., Theodore and Ives, Anthony R.},  date = {2003}  }
@article{blust_t_2004,  title = {*t to k: An Austronesian Sound Change Revisited},  volume = {43},  issn = {0029-8115},  url = {http://www.jstor.org/stable/3623363},  shorttitle = {*t to k},  pages = {365--410},  number = {2},  journaltitle = {Oceanic Linguistics},  author = {Blust, Robert},  urldate = {2020-09-17},  date = {2004},  note = {Publisher: University of Hawai'i Press}  }
@article{boretzky1991contact,  title={Contact-induced sound change},  author={Boretzky, Norbert},  journal={Diachronica},  volume={8},  number={1},  pages={1--15},  year={1991},  publisher={John Benjamins}  }
@article{borodovsky_general_1989,  title = {A general rule for ranged series of codon frequencies in different genomes},  volume = {6},  issn = {0739-1102},  doi = {10.1080/07391102.1989.10506527},  pages = {1001--1012},  number = {5},  journaltitle = {Journal of Biomolecular Structure and Dynamics},  author = {Borodovsky, Mark Yu and Gusein-Zade, S. M.},  date = {1989-04-01},  pmid = {2556159},  }
@article{bouchard-cote_automated_2013,  title = {Automated reconstruction of ancient languages using probabilistic models of sound change},  volume = {110},  pages = {4224--4229},  number = {11},  journaltitle = {Proceedings of the National Academy of Sciences},  author = {Bouchard-Côté, Alexandre and Hall, David and Griffiths, Thomas L. and Klein, Dan},  date = {2013},  note = {Publisher: National Acad Sciences},    }
@article{bouckaert_beast_2014,  title = {{BEAST} 2: {A} Software Platform for {Bayesian} Evolutionary Analysis},  volume = {10},  issn = {1553-7358},  doi = {10.1371/journal.pcbi.1003537},  shorttitle = {{BEAST} 2},  pages = {e1003537},  number = {4},  journaltitle = {{PLoS} Computational Biology},  author = {Bouckaert, Remco R. and Heled, Joseph and Kühnert, Denise and Vaughan, Tim and Wu, Chieh-Hsi and Xie, Dong and Suchard, Marc A. and Rambaut, Andrew and Drummond, Alexei J.},  editor = {Prlic, Andreas},  date = {2014-04-10}  }
@article{bouckaert_beast_2019,  title = {{BEAST} 2.5: An advanced software platform for Bayesian evolutionary analysis},  volume = {15},  issn = {1553-7358},  doi = {10.1371/journal.pcbi.1006650},  pages = {e1006650},  number = {4},  journaltitle = {{PLOS} Computational Biology},  author = {Bouckaert, Remco and Vaughan, Timothy G. and Barido-Sottani, Joëlle and Duchêne, Sebastián and Fourment, Mathieu and Gavryushkina, Alexandra and Heled, Joseph and Jones, Graham and Kühnert, Denise and Maio, Nicola De and Matschiner, Michael and Mendes, Fábio K. and Müller, Nicola F. and Ogilvie, Huw A. and Plessis, Louis du and Popinga, Alex and Rambaut, Andrew and Rasmussen, David and Siveroni, Igor and Suchard, Marc A. and Wu, Chieh-Hsi and Xie, Dong and Zhang, Chi and Stadler, Tanja and Drummond, Alexei J.},  date = {2019-04-08}  }
@article{bouckaert_corrections_2012,  title = {Corrections and clarifications},  volume = {342},  doi = {10.1126/science.342.6165.1446-a},  pages = {1446},  number = {6165},  journaltitle = {Science},  author = {Bouckaert, Remco and Lemey, Philippe and Dunn, Michael and Greenhill, Simon J. and Alekseyenko, Alexander V. and Drummond, Alexei J. and Gray, Russell D. and Suchard, Marc A. and Atkinson, Quentin D.},  date = {2012-08-24},  langid = {english}  }
@article{bouckaert_mapping_2012,  title = {Mapping the Origins and Expansion of the Indo-European Language Family},  volume = {337},  rights = {Copyright © 2012, American Association for the Advancement of Science},  issn = {0036-8075, 1095-9203},  url = {https://science.sciencemag.org/content/337/6097/957},  doi = {10.1126/science.1219669},  pages = {957--960},  number = {6097},  journaltitle = {Science},  author = {Bouckaert, Remco and Lemey, Philippe and Dunn, Michael and Greenhill, Simon J. and Alekseyenko, Alexander V. and Drummond, Alexei J. and Gray, Russell D. and Suchard, Marc A. and Atkinson, Quentin D.},  urldate = {2020-06-14},  date = {2012-08-24},  pmid = {22923579},  note = {Publisher: American Association for the Advancement of Science Section: Report},    }
@article{bouckaert_origin_2018,  title = {The origin and expansion of {Pama}–{Nyungan} languages across {Australia}},  volume = {2},  copyright = {2018 The Author(s)},  issn = {2397-334X},  doi = {10.1038/s41559-018-0489-3},  language = {en},  number = {4},  journal = {Nature Ecology \& Evolution},  author = {Bouckaert, Remco R. and Bowern, Claire and Atkinson, Quentin D.},  year = {2018},  pages = {741--749},  }
@article{bowern_chirila:_2016,  title = {Chirila: {Contemporary} and historical resources for the {Indigenous} languages of {Australia}},  volume = {10},  rights = {Creative Commons Attribution-{NonCommercial} 4.0 International License},  issn = {1934-5275},  url = {http://hdl.handle.net/10125/24685},  shorttitle = {Chirila},  journaltitle = {Language Documentation and Conservation},  author = {Bowern, Claire},  date = {2016-03},  langid = {english}  }
@article{bowern_computational_2012,  title = {Computational phylogenetics and the internal structure of {Pama-Nyungan}},  volume = {88},  doi = {10.1353/lan.2012.0081},  pages = {817--845},  number = {4},  journaltitle = {Language},  author = {Bowern, Claire and Atkinson, Quentin D.},  date = {2012-01}  }
@article{bowern_computational_2018,  title = {Computational phylogenetics},  volume = {4},  doi = {10.1146/annurev-linguistics-011516-034142},  pages = {281--296},  number = {1},  journaltitle = {Annual Review of Linguistics},  author = {Bowern, Claire},  date = {2018}  }
@article{bowern_does_2011,  title = {Does lateral transmission obscure inheritance in hunter-gatherer languages?},  volume = {6},  issn = {1932-6203},  doi = {10.1371/journal.pone.0025195},  pages = {e25195},  number = {9},  journaltitle = {{PLoS} {ONE}},  author = {Bowern, Claire and Epps, Patience and Gray, Russell and Hill, Jane and Hunley, Keith and {McConvell}, Patrick and Zentz, Jason},  date = {2011-09},  langid = {english},  keywords = {{Australia}, California, Evolutionary linguistics, Languages, Phylogenetic analysis, Phylogenetics, Population density, Vocabulary}  }
@article{bowern_historical_2010,  title = {Historical linguistics in Australia: trees, networks and their implications},  volume = {365},  issn = {0962-8436},  doi = {Doi 10.1098/Rstb.2010.0013},  pages = {3845--3854},  number = {1559},  journaltitle = {Philosophical Transactions of the Royal Society B-Biological Sciences},  shortjournal = {Philos T R Soc B},  author = {Bowern, Claire},  date = {2010-12-12},    }
@article{bowern_riddle_2012,  title = {The riddle of Tasmanian languages},  volume = {279},  issn = {0962-8452},  doi = {Doi 10.1098/Rspb.2012.1842},  pages = {4590--4595},  number = {1747},  journaltitle = {Proceedings of the Royal Society B-Biological Sciences},  shortjournal = {P Roy Soc B-Biol Sci},  author = {Bowern, Claire},  date = {2012-11-22},    }
@article{bradshaw_minimum_2019,  title = {Minimum founding populations for the first peopling of {Sahul}},  volume = {3},  rights = {2019 The Author(s), under exclusive licence to Springer Nature Limited},  issn = {2397-334X},  url = {http://www.nature.com/articles/s41559-019-0902-6},  doi = {10.1038/s41559-019-0902-6},  pages = {1057--1063},  number = {7},  journaltitle = {Nature Ecology \& Evolution},  author = {Bradshaw, Corey J. A. and Ulm, Sean and Williams, Alan N. and Bird, Michael I. and Roberts, Richard G. and Jacobs, Zenobia and Laviano, Fiona and Weyrich, Laura S. and Friedrich, Tobias and Norman, Kasih and Saltré, Frédérik},  urldate = {2020-12-21},  date = {2019-07},  note = {Number: 7 Publisher: Nature Publishing Group},    }
@article{bromham_curiously_2017,  title = {Curiously the same: swapping tools between linguistics and evolutionary biology},  volume = {32},  issn = {1572-8404},  url = {https://doi.org/10.1007/s10539-017-9594-y},  doi = {10.1007/s10539-017-9594-y},  shorttitle = {Curiously the same},  pages = {855--886},  number = {6},  journaltitle = {Biology \& Philosophy},  shortjournal = {Biol Philos},  author = {Bromham, Lindell},  urldate = {2020-09-16},  date = {2017-12-01},    }
@article{bromham_rate_2015,  title = {Rate of language evolution is affected by population size},  volume = {112},  issn = {0027-8424, 1091-6490},  doi = {10.1073/pnas.1419704112},  pages = {2097--2102},  number = {7},  journaltitle = {Proceedings of the National Academy of Sciences},  shortjournal = {{PNAS}},  author = {Bromham, Lindell and Hua, Xia and Fitzpatrick, Thomas G. and Greenhill, Simon J.},  date = {2015-02-17},  langid = {english},  pmid = {25646448},    }
@article{browman_towards_1986,  title = {Towards an articulatory phonology},  volume = {3},  url = {http://journals.cambridge.org/article_S0952675700000658},  number = {01},  journal = {Phonology},  author = {Browman, Catherine P. and Goldstein, Louis M.},  year = {1986},  pages = {219--252},  file = {Snapshot:/Users/uqeround/Zotero/storage/CNVR4N3N/S0952675700000658.pdf:application/pdf}  }
@article{brown_importance_2007,  title = {The Importance of Data Partitioning and the Utility of Bayes Factors in Bayesian Phylogenetics},  volume = {56},  issn = {1063-5157},  doi = {10.1080/10635150701546249},  pages = {643--655},  number = {4},  journaltitle = {Systematic Biology},  shortjournal = {Syst Biol},  author = {Brown, Jeremy M. and Lemmon, Alan R.},  date = {2007-08-01},  langid = {english},  note = {Publisher: Oxford Academic}  }
@article{brown_sound_2013,  title = {Sound Correspondences in the World's Languages},  volume = {89},  issn = {1535-0665},  url = {http://muse.jhu.edu/article/503023/summary},  doi = {10.1353/lan.2013.0009},  shorttitle = {Sound Correspondences in the World's Languages},  pages = {4--29},  number = {1},  journaltitle = {Language},  author = {Brown, Cecil H. and Holman, Eric W. and Wichmann, Søren},  urldate = {2020-09-17},  date = {2013-03-25},  note = {Publisher: Linguistic Society of America},    }
@article{brzezinski_power_2014,  author = {{Brzezinski}, Michal},  title = {Power laws in citation distributions},  subtitle = {Evidence from {Scopus}},  journal = {arXiv e-prints},  year = {2014},  month = {feb},  eid = {arXiv:1402.3890},  archivePrefix = {arXiv},  eprint = {1402.3890},  primaryClass = {cs.DL}  }
@article{busby_distribution_1982,  title = {The distribution of phonemes in {Australian} {Aboriginal} languages},  pages = {73--139},  number = {60},  journaltitle = {Pacific Linguistics. Series A.},  author = {Busby, Peter A.},  date = {1982}  }
@article{calude_typology_2016,  title = {The typology and diachrony of higher numerals in {Indo-European}: {A} phylogenetic comparative study},  volume = {1},  issn = {2058-4571},  doi = {10.1093/jole/lzw003},  shorttitle = {The typology and diachrony of higher numerals in {Indo-European}},  pages = {91--108},  number = {2},  journaltitle = {Journal of Language Evolution},  author = {Calude, Andreea S. and Verkerk, Annemarie},  date = {2016-07},  langid = {english}  }
@article{capell_classification_1940,  title = {The Classification of Languages in North and North-West Australia},  volume = {10},  rights = {© 1940 The University of Sydney},  issn = {1834-4461},  url = {http://onlinelibrary.wiley.com/doi/abs/10.1002/j.1834-4461.1940.tb00292.x},  doi = {10.1002/j.1834-4461.1940.tb00292.x},  pages = {241--272},  number = {3},  journaltitle = {Oceania},  author = {Capell, A.},  urldate = {2020-09-09},  date = {1940},  note = {\_eprint: https://onlinelibrary.wiley.com/doi/pdf/10.1002/j.1834-4461.1940.tb00292.x},    }
@article{capell_structure_1937,  title = {The Structure of Australian Languages},  volume = {8},  rights = {© 1937 The University of Sydney},  issn = {1834-4461},  url = {https://onlinelibrary.wiley.com/doi/abs/10.1002/j.1834-4461.1937.tb00405.x},  doi = {10.1002/j.1834-4461.1937.tb00405.x},  pages = {27--61},  number = {1},  journaltitle = {Oceania},  author = {Capell, A.},  urldate = {2020-09-09},  date = {1937},  note = {\_eprint: https://onlinelibrary.wiley.com/doi/pdf/10.1002/j.1834-4461.1937.tb00405.x},    }
@article{chang_ancestry-constrained_2015,  title = {Ancestry-constrained phylogenetic analysis supports the {Indo-European} steppe hypothesis},  volume = {91},  issn = {1535-0665},  doi = {10.1353/lan.2015.0005},  pages = {194--244},  number = {1},  journaltitle = {Language},  author = {Chang, Will and Cathcart, Chundra and Hall, David and Garrett, Andrew},  date = {2015-03},    }
@article{chang_ancestry-constrained_2015,  title = {Ancestry-constrained phylogenetic analysis supports the {Indo-European} steppe hypothesis},  volume = {91},  issn = {1535-0665},  doi = {10.1353/lan.2015.0005},  pages = {194--244},  number = {1},  journaltitle = {Language},  author = {Chang, Will and Cathcart, Chundra and Hall, David and Garrett, Andrew},  date = {2015-03},  langid = {english}  }
@article{chao_non-uniqueness_1934,  title = {The non-uniqueness of phonemic solutions of phonetic systems},  volume = {4},  pages = {363--397},  number = {4},  journaltitle = {Bulletin of the Institute of History and Philology, Academia Sinica},  author = {Chao, Yuen-Ren},  date = {1934}  }
@article{chen_sound_1975,  title = {Sound Change: Actuation and Implementation},  volume = {51},  issn = {0097-8507},  url = {http://www.jstor.org/stable/412854},  doi = {10.2307/412854},  shorttitle = {Sound Change},  pages = {255--281},  number = {2},  journaltitle = {Language},  author = {Chen, Matthew Y. and Wang, William S-Y.},  urldate = {2020-12-17},  date = {1975},  note = {Publisher: Linguistic Society of America}  }
@article{chung_stochastic_1994,  title = {A stochastic model of superstardom},  subtitle = {An application of the Yule distribution},  pages = {771--775},  journaltitle = {The Review of Economics and Statistics},  author = {Chung, Kee H. and Cox, Raymond A. K.},  date = {1994},  }
@article{clarkson_archaeology_2015,  title = {The archaeology, chronology and stratigraphy of Madjedbebe (Malakunanja {II}): A site in northern Australia with early occupation},  volume = {83},  issn = {0047-2484},  url = {http://www.sciencedirect.com/science/article/pii/S0047248415000846},  doi = {10.1016/j.jhevol.2015.03.014},  shorttitle = {The archaeology, chronology and stratigraphy of Madjedbebe (Malakunanja {II})},  pages = {46--64},  journaltitle = {Journal of Human Evolution},  shortjournal = {Journal of Human Evolution},  author = {Clarkson, Chris and Smith, Mike and Marwick, Ben and Fullagar, Richard and Wallis, Lynley A. and Faulkner, Patrick and Manne, Tiina and Hayes, Elspeth and Roberts, Richard G. and Jacobs, Zenobia and Carah, Xavier and Lowe, Kelsey M. and Matthews, Jacqueline and Florin, S. Anna},  urldate = {2020-12-21},  date = {2015-06-01},  }
@article{clarkson_human_2017,  title = {Human occupation of northern Australia by 65,000 years ago},  volume = {547},  rights = {2017 Macmillan Publishers Limited, part of Springer Nature. All rights reserved.},  issn = {1476-4687},  url = {http://www.nature.com/articles/nature22968},  doi = {10.1038/nature22968},  pages = {306--310},  number = {7663},  journaltitle = {Nature},  author = {Clarkson, Chris and Jacobs, Zenobia and Marwick, Ben and Fullagar, Richard and Wallis, Lynley and Smith, Mike and Roberts, Richard G. and Hayes, Elspeth and Lowe, Kelsey and Carah, Xavier and Florin, S. Anna and {McNeil}, Jessica and Cox, Delyth and Arnold, Lee J. and Hua, Quan and Huntley, Jillian and Brand, Helen E. A. and Manne, Tiina and Fairbairn, Andrew and Shulmeister, James and Lyle, Lindsey and Salinas, Makiah and Page, Mara and Connell, Kate and Park, Gayoung and Norman, Kasih and Murphy, Tessa and Pardoe, Colin},  urldate = {2020-12-21},  date = {2017-07},  note = {Number: 7663 Publisher: Nature Publishing Group}  }
@article{clauset_power-law_2009,  title = {Power-law distributions in empirical data},  volume = {51},  issn = {0036-1445},  doi = {10.1137/070710111},  pages = {661--703},  number = {4},  journaltitle = {{SIAM} Review},  author = {Clauset, A. and Shalizi, C. R. and Newman, M. E. J.},  date = {2009-11-04}  }
@article{clutton-brock_primate_1977,  title = {Primate ecology and social organization},  volume = {183},  issn = {1469-7998},  doi = {10.1111/j.1469-7998.1977.tb04171.x},  pages = {1--39},  number = {1},  journal = {Journal of Zoology},  author = {Clutton-Brock, T. H. and Harvey, Paul H.},  year = {1977},  langid = {english},  }
@article{de_queiroz_including_1996,  title = {Including the characters of interest during tree reconstruction and the problems of circularity and bias in studies of character evolution},  volume = {148},  pages = {700--708},  number = {4},  journaltitle = {The American Naturalist},  author = {de Queiroz, Kevin},  date = {1996}  }
@article{dediu_language_2016,  title = {Language evolution needs its own journal},  volume = {1},  issn = {2058-4571},  url = {https://academic.oup.com/jole/article/1/1/1/2281881},  doi = {10.1093/jole/lzv001},  pages = {1--6},  number = {1},  journaltitle = {Journal of Language Evolution},  shortjournal = {Journal of Language Evolution},  author = {Dediu, Dan and de Boer, Bart},  urldate = {2020-09-18},  date = {2016-01-01},  note = {Publisher: Oxford Academic}  }
@article{dediu_making_2018,  title = {Making genealogical language classifications available for phylogenetic analysis: Newick trees, unified identifiers, and branch length},  volume = {8},  issn = {2210-5832, 2210-5824},  doi = {10.1163/22105832-00801001},  shorttitle = {Making genealogical language classifications available for phylogenetic analysis},  pages = {1--21},  number = {1},  journaltitle = {Language Dynamics and Change},  author = {Dediu, Dan},  date = {2018-06-22},  langid = {english},  }
@article{delsuc_phylogenomics_2005,  title = {Phylogenomics and the reconstruction of the tree of life},  volume = {6},  rights = {2005 Nature Publishing Group},  issn = {1471-0064},  doi = {10.1038/nrg1603},  pages = {361--375},  number = {5},  journaltitle = {Nature Reviews Genetics},  author = {Delsuc, Frédéric and Brinkmann, Henner and Philippe, Hervé},  date = {2005-05},  langid = {english}  }
@article{dockum_swadesh_2019,  title = {Swadesh lists are not long enough: {Drawing} phonological generalizations from limited data},  volume = {16},  issn = {1740-6234},  url = {http://www.elpublishing.org/PID/168},  pages = {35--54},  journaltitle = {Language Documentation and Description},  author = {Dockum, Rikker and Bowern, Claire},  date = {2019}  }
@article{domel_combining_2019,  title = {Combining morphological and genomic evidence to resolve species diversity and study speciation processes of the {Pallenopsis patagonica (Pycnogonida)} species complex},  volume = {16},  issn = {1742-9994},  doi = {10.1186/s12983-019-0316-y},  pages = {36},  number = {1},  journaltitle = {Frontiers in Zoology},  author = {Dömel, Jana S. and Macher, Till-Hendrik and Dietz, Lars and Duncan, Sabrina and Mayer, Christoph and Rozenberg, Andrey and Wolcott, Katherine and Leese, Florian and Melzer, Roland R.},  date = {2019-09-06},  }
@article{donohue_new_2012,  title = {New methodologies for historical linguistics?: Calibrating a lexicon-based methodology for diffusion vs. subgrouping},  volume = {29},  doi = {10.1075/dia.29.4.04don},  pages = {505--522},  number = {4},  journaltitle = {Diachronica},  shortjournal = {Diachronica},  author = {Donohue, Mark and Denham, Tim and Oppenheimer, Stephen},  date = {2012},    }
@article{dryer_large_1989,  title = {Large linguistic areas and language sampling},  volume = {13},  issn = {0378-4177},  pages = {257--292},  number = {2},  journal = {Studies in Language},  author = {Dryer, Matthew S.},  year = {1989},  }
@article{dunn_aslian_2011,  title = {Aslian linguistic prehistory: A case study in computational phylogenetics},  volume = {28},  issn = {0176-4225, 1569-9714},  url = {https://www.jbe-platform.com/content/journals/10.1075/dia.28.3.01dun},  doi = {10.1075/dia.28.3.01dun},  shorttitle = {Aslian linguistic prehistory},  pages = {291--323},  number = {3},  journaltitle = {Diachronica},  author = {Dunn, Michael and Burenhult, Niclas and Kruspe, Nicole and Tufvesson, Sylvia and Becker, Neele},  urldate = {2020-09-18},  date = {2011-01-01},  note = {Publisher: John Benjamins},    }
@article{dunn_dative_2017,  title = {Dative sickness: {A} phylogenetic analysis of argument structure evolution in {Germanic}},  volume = {93},  issn = {1535-0665},  doi = {10.1353/lan.2017.0012},  shorttitle = {Dative sickness},  pages = {e1--e22},  number = {1},  journaltitle = {Language},  author = {Dunn, Michael and Dewey, Tonya Kim and Arnett, Carlee and Eythórsson, Thórhallur and Barðdal, Jóhanna},  date = {2017-03},  langid = {english}  }
@article{dunn_evolved_2011,  title = {Evolved structure of language shows lineage-specific trends in word-order universals},  volume = {473},  copyright = {2011 Nature Publishing Group},  issn = {1476-4687},  doi = {10.1038/nature09923},  language = {en},  number = {7345},  journal = {Nature},  author = {Dunn, Michael and Greenhill, Simon J. and Levinson, Stephen C. and Gray, Russell D.},  year = {2011},  pages = {79--82},  }
@article{dunn_structural_2005,  title = {Structural Phylogenetics and the Reconstruction of Ancient Language history},  volume = {309},  copyright = {American Association for the Advancement of Science},  issn = {0036-8075, 1095-9203},  doi = {10.1126/science.1114615},  language = {en},  number = {5743},  journal = {Science},  author = {Dunn, Michael and Terrill, Angela and Reesink, Ger and Foley, Robert A. and Levinson, Stephen C.},  year = {2005},  pmid = {16179483},  pages = {2072--2075},  }
@article{dunn_structural_2008,  title = {Structural Phylogeny in Historical Linguistics: {Methodological} Explorations Applied in Island {Melanesia}},  volume = {84},  issn = {0097-8507},  url = {http://www.jstor.org/stable/40071101},  shorttitle = {Structural Phylogeny in Historical Linguistics},  pages = {710--759},  number = {4},  journaltitle = {Language},  author = {Dunn, Michael and Levinson, Stephen C. and Lindström, Eva and Reesink, Ger and Terrill, Angela},  urldate = {2020-12-21},  date = {2008},  note = {Publisher: Linguistic Society of America}  }
@article{eeckhout_gibrats_2004,  title = {Gibrat's Law for (all) cities},  volume = {94},  issn = {0002-8282},  doi = {10.1257/0002828043052303},  pages = {1429--1451},  number = {5},  journaltitle = {American Economic Review},  author = {Eeckhout, Jan},  date = {2004-12}  }
@article{eimas_selective_1973,  title = {Selective adaptation of linguistic feature detectors},  volume = {4},  issn = {0010-0285},  doi = {10.1016/0010-0285(73)90006-6},  pages = {99--109},  number = {1},  journaltitle = {Cognitive Psychology},  author = {Eimas, Peter D. and Corbit, John D.},  date = {1973}  }
@article{ernestus_predicting_2003,  title = {Predicting the unpredictable},  subtitle = {Interpreting neutralized segments in Dutch},  volume = {79},  issn = {1535-0665},  doi = {10.1353/lan.2003.0076},  pages = {5--38},  number = {1},  journaltitle = {Language},  author = {Ernestus, Mirjam Theresia Constantia and Baayen, R. Harald},  date = {2003-05-01}  }
@article{eska_recent_2004,  title = {Recent work in computational linguistic phylogeny},  volume = {80},  pages = {569--582},  number = {3},  journaltitle = {Language},  author = {Eska, Joseph F. and Ringe, Donald A.},  date = {2004},  note = {Publisher: Linguistic Society of America},    }
@article{everett_climate_2015,  title = {Climate, vocal folds, and tonal languages: {Connecting} the physiological and geographic dots},  volume = {112},  issn = {0027-8424, 1091-6490},  doi = {10.1073/pnas.1417413112},  shorttitle = {Climate, vocal folds, and tonal languages},  pages = {1322--1327},  number = {5},  journaltitle = {Proceedings of the National Academy of Sciences},  author = {Everett, Caleb and Blasi, Damián E. and Roberts, Seán G.},  urldate = {2018-06-06},  date = {2015-02},  langid = {english},  pmid = {25605876},  keywords = {adaptation, tone, climate, language}  }
@article{everett_global_2018,  title = {The global dispreference for posterior voiced obstruents: {A} quantitative assessment of word-list data},  volume = {94},  shorttitle = {The global dispreference for posterior voiced obstruents},  pages = {e311--e323},  number = {4},  journaltitle = {Language},  author = {Everett, Caleb D.},  date = {2018},  langid = {english}  }
@article{everett_languages_2017,  title = {Languages in drier climates use fewer vowels},  volume = {8},  issn = {1664-1078},  doi = {10.3389/fpsyg.2017.01285},  language = {English},  journal = {Frontiers in Psychology},  author = {Everett, Caleb},  year = {2017},    }
@article{everett_similar_2018,  title = {The similar rates of occurrence of consonants across the world's languages: A quantitative analysis of phonetically transcribed word lists},  volume = {69},  issn = {03880001},  doi = {10.1016/j.langsci.2018.07.003},  shorttitle = {The similar rates of occurrence of consonants across the world's languages},  pages = {125--135},  journaltitle = {Language Sciences},  shortjournal = {Language Sciences},  author = {Everett, Caleb},  date = {2018-09},  langid = {english}  }
@article{farrell_comprehensive_2006,  title = {Comprehensive study of tests for normality and symmetry},  subtitle = {Extending the {Spiegelhalter} test},  volume = {76},  issn = {0094-9655},  doi = {10.1080/10629360500109023},  pages = {803--816},  number = {9},  journaltitle = {Journal of Statistical Computation and Simulation},  author = {Farrell, Patrick J. and Rogers-Stewart, Katrina},  date = {2006-09-01}  }
@article{felsenstein_phylogenies_1985,  title = {Phylogenies and the Comparative Method},  volume = {125},  issn = {0003-0147},  doi = {10.1086/284325},  pages = {1--15},  number = {1},  journal = {The American Naturalist},  shortjournal = {The American Naturalist},  author = {Felsenstein, Joseph},  year = {1985},  }
@article{felsenstein_phylogenies_1988,  title = {Phylogenies and quantitative characters},  volume = {19},  issn = {0066-4162},  journal = {Annual Review of Ecology and Systematics},  author = {Felsenstein, Joseph},  year = {1988},  pages = {445--471}  }
@article{flege1987production,  title={The production of “new” and “similar” phones in a foreign language: {Evidence} for the effect of equivalence classification},  author={Flege, James Emil},  journal={Journal of phonetics},  volume={15},  number={1},  pages={47--65},  year={1987},  publisher={Elsevier}  }
@article{florin_first_2020,  title = {The first {Australian} plant foods at {Madjedbebe}, 65,000–53,000 years ago},  volume = {11},  rights = {2020 The Author(s)},  issn = {2041-1723},  url = {http://www.nature.com/articles/s41467-020-14723-0},  doi = {10.1038/s41467-020-14723-0},  pages = {924},  number = {1},  journaltitle = {Nature Communications},  author = {Florin, S. Anna and Fairbairn, Andrew S. and Nango, May and Djandjomerr, Djaykuk and Marwick, Ben and Fullagar, Richard and Smith, Mike and Wallis, Lynley A. and Clarkson, Chris},  urldate = {2020-12-21},  date = {2020-02-17},  note = {Number: 1 Publisher: Nature Publishing Group},    }
@article{frank_how_2014,  title = {How to Read Probability Distributions as Statements about Process},  volume = {16},  doi = {10.3390/e16116059},  pages = {6059--6098},  number = {11},  journaltitle = {Entropy},  author = {Frank, Steven A.},  date = {2014-11}  }
@article{freckleton_phylogenetic_2002,  title = {Phylogenetic analysis and comparative data: {A} test and review of evidence},  volume = {160},  issn = {0003-0147},  doi = {10.1086/343873},  shorttitle = {Phylogenetic Analysis and Comparative Data},  pages = {712--726},  number = {6},  journaltitle = {The American Naturalist},  author = {Freckleton, Robert P. and Harvey, Paul H. and Pagel, Mark},  date = {2002-12}  }
@article{freckleton_space_2009,  title = {Space versus phylogeny},  subtitle = {Disentangling phylogenetic and spatial signals in comparative data},  volume = {276},  url = {https://royalsocietypublishing.org/doi/10.1098/rspb.2008.0905},  doi = {10.1098/rspb.2008.0905},  pages = {21--30},  number = {1654},  journaltitle = {Proceedings of the Royal Society B: Biological Sciences},  author = {Freckleton, Robert P. and Jetz, Walter},  date = {2009-01-07},  }
@article{fritz_selectivity_2010,  title = {Selectivity in mammalian extinction risk and threat types: {A} new measure of phylogenetic signal strength in binary traits},  volume = {24},  issn = {1523-1739},  shorttitle = {Selectivity in {Mammalian} {Extinction} {Risk} and {Threat} {Types}},  doi = {10.1111/j.1523-1739.2010.01455.x},  language = {en, es},  number = {4},  journal = {Conservation Biology},  author = {Fritz, Susanne A. and Purvis, Andy},  year = {2010},  pages = {1042--1051},  }
@article{gabaix_zipfs_1999,  title = {Zipf's law for cities},  subtitle = {An explanation},  volume = {114},  issn = {0033-5533},  doi = {10.1162/003355399556133},  pages = {739--767},  number = {3},  journaltitle = {The Quarterly Journal of Economics},  author = {Gabaix, Xavier},  date = {1999-08-01}  }
@article{garland_jr._polytomies_1999,  title = {Polytomies and phylogenetically independent contrasts: {Examination} of the bounded degrees of freedom approach},  volume = {48},  issn = {1063-5157},  doi = {10.1080/106351599260139},  shorttitle = {Polytomies and Phylogenetically Independent Contrasts},  pages = {547--558},  number = {3},  journaltitle = {Systematic Biology},  shortjournal = {Syst Biol},  author = {Garland, Jr., Theodore and Díaz-Uriarte, Ramón},  date = {1999-07-01}  }
@article{garland_phylogenetic_1993,  title = {Phylogenetic analysis of covariance by computer simulation},  volume = {42},  issn = {1063-5157},  doi = {10.1093/sysbio/42.3.265},  language = {en},  number = {3},  journal = {Systematic Biology},  author = {Garland, Theodore and Dickerman, Allan W. and Janis, Christine M. and Jones, Jason A.},  year = {1993},  pages = {265--292},  }
@article{garland_polytomies_1999,  title = {Polytomies and phylogenetically independent contrasts: {Examination} of the bounded degrees of freedom approach},  volume = {48},  issn = {1063-5157},  shorttitle = {Polytomies and {Phylogenetically} {Independent} {Contrasts}},  doi = {10.1080/106351599260139},  language = {en},  number = {3},  journal = {Systematic Biology},  author = {Garland, Theodore and Díaz-Uriarte, Ramón and Westneat, M.},  year = {1999},  pages = {547--558},  }
@article{gasser_revisiting_2014,  title = {Revisiting Phonotactic Generalizations in {Australian} Languages},  volume = {1},  issn = {2377-3324},  doi = {10.3765/amp.v1i1.17},  number = {1},  journaltitle = {Annual Meeting on Phonology {AMP}},  publisher = {University of Massachusetts},  location = {Amherst, {MA}},  author = {Gasser, Emily and Bowern, Claire},  date = {2014-03-19}  }
@article{gillespie_fitting_2014,  title = {Fitting heavy tailed distributions},  subtitle = {the {poweRlaw} package},  eid = {arXiv:1407.3492},  journal = {arXiv e-prints},  author = {Gillespie, Colin S.},  archivePrefix = {arXiv},  eprint = {1407.3492},  primaryClass = {stat.CO},  date = {2014-07-13}  }
@article{gittleman_adaptation:_1990,  title = {Adaptation: {Statistics} and a null model for estimating phylogenetic effects},  volume = {39},  issn = {1063-5157},  shorttitle = {Adaptation},  doi = {10.2307/2992183},  language = {en},  number = {3},  journal = {Systematic Biology},  author = {Gittleman, John L. and Kot, Mark},  year = {1990},  pages = {227--241},  }
@article{gittleman_phylogeny_1981,  title = {The phylogeny of parental care in fishes},  volume = {29},  issn = {0003-3472},  doi = {10.1016/S0003-3472(81)80031-0},  pages = {936--941},  number = {3},  journal = {Animal Behaviour},  shortjournal = {Animal Behaviour},  author = {Gittleman, John L.},  year = {1981},  }
@article{good_languoid_2013,  title = {Languoid, doculect, and glossonym: {Formalizing} the notion 'language'},  volume = {7},  rights = {Attribution-{NonCommercial}-{ShareAlike} 3.0 United States},  url = {http://hdl.handle.net/10125/4606},  shorttitle = {Languoid, Doculect, and Glossonym},  pages = {331--359},  journaltitle = {Language Documentation and Conservation},  author = {Good, Jeff and Cysouw, Michael},  date = {2013-12}  }
@article{grafen_phylogenetic_1989,  title = {The phylogenetic regression},  volume = {326},  issn = {0962-8436},  pages = {119--157},  number = {1233},  journal = {Philosophical Transactions of the Royal Society of London. Series B, Biological Sciences},  shortjournal = {Philos. Trans. R. Soc. Lond., B, Biol. Sci.},  author = {Grafen, A.},  year = {1989},  pmid = {2575770},    }
@article{gray_language-tree_2003,  title = {Language-tree divergence times support the Anatolian theory of Indo-European origin},  volume = {426},  rights = {2003 Macmillan Magazines Ltd.},  issn = {1476-4687},  url = {http://www.nature.com/articles/nature02029},  doi = {10.1038/nature02029},  pages = {435--439},  number = {6965},  journaltitle = {Nature},  author = {Gray, Russell D. and Atkinson, Quentin D.},  urldate = {2020-09-18},  date = {2003-11},  note = {Number: 6965 Publisher: Nature Publishing Group},    }
@article{gray_language_2000,  title = {Language trees support the express-train sequence of Austronesian expansion},  volume = {405},  rights = {2000 Macmillan Magazines Ltd.},  issn = {1476-4687},  url = {http://www.nature.com/articles/35016575},  doi = {10.1038/35016575},  pages = {1052--1055},  number = {6790},  journaltitle = {Nature},  author = {Gray, Russell D. and Jordan, Fiona M.},  urldate = {2020-09-18},  date = {2000-06},  note = {Number: 6790 Publisher: Nature Publishing Group},    }
@article{gray_language_2009,  title = {Language phylogenies reveal expansion pulses and pauses in Pacific settlement},  volume = {323},  issn = {0036-8075, 1095-9203},  doi = {10.1126/science.1166858},  pages = {479--483},  number = {5913},  journaltitle = {Science},  author = {Gray, R. D. and Drummond, A. J. and Greenhill, S. J.},  date = {2009-01-23},  langid = {english},  pmid = {19164742},  }
@article{greenhill_does_2009,  title = {Does horizontal transmission invalidate cultural phylogenies?},  volume = {276},  rights = {© 2009 The Royal Society},  issn = {0962-8452, 1471-2954},  doi = {10.1098/rspb.2008.1944},  pages = {2299--2306},  number = {1665},  journaltitle = {Proceedings of the Royal Society of London B: Biological Sciences},  author = {Greenhill, Simon J. and Currie, Thomas E. and Gray, Russell D.},  date = {2009-06},  langid = {english},  pmid = {19324763}  }
@article{greenhill_evolutionary_2017,  title = {Evolutionary dynamics of language systems},  issn = {0027-8424, 1091-6490},  doi = {10.1073/pnas.1700388114},  journaltitle = {Proceedings of the National Academy of Sciences},  shortjournal = {{PNAS}},  author = {Greenhill, Simon J. and Wu, Chieh-Hsi and Hua, Xia and Dunn, Michael and Levinson, Stephen C. and Gray, Russell D.},  date = {2017-10-04},  langid = {english},  pmid = {29073028}  }
@article{greenhill_evolutionary_2017,  title = {Evolutionary dynamics of language systems},  volume = {114},  rights = {Copyright © 2017 the Author(s). Published by {PNAS}.. This is an open access article distributed under the {PNAS} license.},  issn = {0027-8424, 1091-6490},  doi = {10.1073/pnas.1700388114},  pages = {E8822--E8829},  number = {42},  journaltitle = {Proceedings of the National Academy of Sciences},  author = {Greenhill, Simon J. and Wu, Chieh-Hsi and Hua, Xia and Dunn, Michael and Levinson, Stephen C. and Gray, Russell D.},  date = {2017-10},  langid = {english},  pmid = {29073028},    }
@article{greenhill_transnewguinea_2015,  title = {{TransNewGuinea}.org: An online database of New Guinea languages},  volume = {10},  doi = {10.1371/journal.pone.0141563},  shorttitle = {{TransNewGuinea}.org},  pages = {e0141563},  number = {10},  journaltitle = {{PloS} One},  author = {Greenhill, Simon J.},  date = {2015}  }
@article{gusein-zade_distribution_1988,  title = {On the distribution of letters of the {Russian} language by frequencies},  volume = {23},  pages = {103--107},  journaltitle = {Problems of the Transmission of Information},  author = {Gusein-Zade, S. M.},  date = {1988}  }
@article{hale_classification_1964,  title = {Classification of Northen Paman Languages, Cape York Peninsula, Australia: A Research Report},  volume = {3},  issn = {0029-8115},  url = {http://www.jstor.org/stable/3622881},  doi = {10.2307/3622881},  shorttitle = {Classification of Northen Paman Languages, Cape York Peninsula, Australia},  pages = {248--265},  number = {2},  journaltitle = {Oceanic Linguistics},  author = {Hale, Kenneth},  urldate = {2020-09-09},  date = {1964},  note = {Publisher: University of Hawai'i Press},    }
@article{hansen_translating_1996,  title = {Translating between microevolutionary process and macroevolutionary patterns: {The} correlation structure of interspecific data},  volume = {50},  copyright = {© 1996 The Society for the Study of Evolution},  issn = {1558-5646},  shorttitle = {Translating {Between} {Microevolutionary} {Process} and {Macroevolutionary} {Patterns}},  doi = {10.1111/j.1558-5646.1996.tb03914.x},  language = {en},  number = {4},  journal = {Evolution},  author = {Hansen, Thomas F. and Martins, Emília P.},  year = {1996},  pages = {1404--1417},  }
@article{harvey_reconstructing_2017,  title = {Reconstructing remote relationships},  volume = {34},  issn = {0176-4225, 1569-9714},  url = {https://www.jbe-platform.com/content/journals/10.1075/dia.15032.har},  doi = {10.1075/dia.15032.har},  pages = {470--515},  number = {4},  journaltitle = {Diachronica},  author = {Harvey, Mark and Mailhammer, Robert},  urldate = {2020-12-17},  date = {2017-01-01},  note = {Publisher: John Benjamins},    }
@article{haspelmath_human_2020,  title = {Human Linguisticality and the Building Blocks of Languages},  volume = {10},  issn = {1664-1078},  url = {https://www.frontiersin.org/articles/10.3389/fpsyg.2019.03056/full},  doi = {10.3389/fpsyg.2019.03056},  journaltitle = {Frontiers in Psychology},  shortjournal = {Front. Psychol.},  author = {Haspelmath, Martin},  urldate = {2020-09-18},  date = {2020},  note = {Publisher: Frontiers},    }
@article{hassler_inferring_2020,  title = {Inferring Phenotypic Trait Evolution on Large Trees With Many Incomplete Measurements},  issn = {0162-1459},  url = {https://amstat.tandfonline.com/doi/full/10.1080/01621459.2020.1799812},  doi = {10.1080/01621459.2020.1799812},  pages = {1--15},  journaltitle = {Journal of the American Statistical Association},  shortjournal = {null},  author = {Hassler, Gabriel and Tolkoff, Max R. and Allen, William L. and Ho, Lam Si Tung and Lemey, Philippe and Suchard, Marc A.},  date = {2020-08-13},  note = {Publisher: Taylor \& Francis},    }
@article{hayes_stochastic_2006,  title = {Stochastic phonological knowledge: The case of {Hungarian} vowel harmony},  volume = {23},  issn = {1469-8188, 0952-6757},  doi = {10.1017/S0952675706000765},  shorttitle = {Stochastic phonological knowledge},  pages = {59--104},  number = {1},  journaltitle = {Phonology},  author = {Hayes, Bruce and Londe, Zsuzsa Cziráky},  date = {2006}  }
@article{hayes_stochastic_2006,  title = {Stochastic phonological knowledge: {The} case of {Hungarian} vowel harmony},  volume = {23},  issn = {1469-8188, 0952-6757},  doi = {10.1017/S0952675706000765},  shorttitle = {Stochastic phonological knowledge},  pages = {59--104},  number = {1},  journaltitle = {Phonology},  author = {Hayes, Bruce and Londe, Zsuzsa C.},  date = {2006}  }
@article{hoenigswald1965language,  title={Language change and linguistic reconstruction},  author={Hoenigswald, Henry M.},  year={1965},  publisher={University of Chicago Press},  location = {Chicago, {IL}}  }
@article{holbrook_massive_2020,  title = {Massive Parallelization Boosts Big Bayesian Multidimensional Scaling},  issn = {1061-8600},  doi = {10.1080/10618600.2020.1754226},  pages = {1--14},  journaltitle = {Journal of Computational and Graphical Statistics},  shortjournal = {null},  author = {Holbrook, Andrew J. and Lemey, Philippe and Baele, Guy and Dellicour, Simon and Brockmann, Dirk and Rambaut, Andrew and Suchard, Marc A.},  date = {2020-05-05},  note = {Publisher: Taylor \& Francis},    }
@article{holden_bantu_2002,  title = {Bantu language trees reflect the spread of farming across sub-Saharan Africa: a maximum-parsimony analysis},  volume = {269},  url = {https://royalsocietypublishing.org/doi/abs/10.1098/rspb.2002.1955},  doi = {10.1098/rspb.2002.1955},  shorttitle = {Bantu language trees reflect the spread of farming across sub-Saharan Africa},  pages = {793--799},  number = {1493},  journaltitle = {Proceedings of the Royal Society of London. Series B: Biological Sciences},  shortjournal = {Proceedings of the Royal Society of London. Series B: Biological Sciences},  author = {Holden, Clare Janaki},  urldate = {2020-09-18},  date = {2002-04-22},  note = {Publisher: Royal Society},    }
@article{holm_new_2007,  title = {The new arboretum of Indo-European “trees”. Can new algorithms reveal the phylogeny and even prehistory of Indo-European?*},  volume = {14},  issn = {0929-6174},  url = {https://doi.org/10.1080/09296170701378916},  doi = {10.1080/09296170701378916},  shorttitle = {The new arboretum of Indo-European “trees”. Can new algorithms reveal the phylogeny and even prehistory of Indo-European?},  pages = {167--214},  number = {2},  journaltitle = {Journal of Quantitative Linguistics},  author = {Holm, Hans J.},  urldate = {2020-09-20},  date = {2007-08-01},  note = {Publisher: Routledge eprint: https://doi.org/10.1080/09296170701378916},    }
@article{hruschka_detecting_2015,  title = {Detecting Regular Sound Changes in Linguistics as Events of Concerted Evolution},  volume = {25},  issn = {0960-9822},  url = {http://www.sciencedirect.com/science/article/pii/S0960982214013736},  doi = {10.1016/j.cub.2014.10.064},  pages = {1--9},  number = {1},  journaltitle = {Current Biology},  shortjournal = {Current Biology},  author = {Hruschka, Daniel J. and Branford, Simon and Smith, Eric D. and Wilkins, Jon and Meade, Andrew and Pagel, Mark and Bhattacharya, Tanmoy},  urldate = {2020-09-17},  date = {2015-01-05},    }
@article{hudjashov_revealing_2007,  title = {Revealing the prehistoric settlement of Australia by Y chromosome and {mtDNA} analysis},  volume = {104},  rights = {© 2007 by The National Academy of Sciences of the {USA}},  issn = {0027-8424, 1091-6490},  url = {https://www.pnas.org/content/104/21/8726},  doi = {10.1073/pnas.0702928104},  pages = {8726--8730},  number = {21},  journaltitle = {Proceedings of the National Academy of Sciences},  shortjournal = {{PNAS}},  author = {Hudjashov, Georgi and Kivisild, Toomas and Underhill, Peter A. and Endicott, Phillip and Sanchez, Juan J. and Lin, Alice A. and Shen, Peidong and Oefner, Peter and Renfrew, Colin and Villems, Richard and Forster, Peter},  urldate = {2020-12-21},  date = {2007-05-22},  pmid = {17496137},  note = {Publisher: National Academy of Sciences Section: Biological Sciences},    }
@article{hunley_genetic_2008,  title = {Genetic and Linguistic Coevolution in Northern Island Melanesia},  volume = {4},  issn = {1553-7404},  doi = {10.1371/journal.pgen.1000239},  pages = {e1000239},  number = {10},  journaltitle = {{PLOS} Genetics},  shortjournal = {{PLOS} Genetics},  author = {Hunley, Keith and Dunn, Michael and Lindström, Eva and Reesink, Ger and Terrill, Angela and Healy, Meghan E. and Koki, George and Friedlaender, Françoise R. and Friedlaender, Jonathan S.},  date = {2008-10-31},  langid = {english},  note = {Publisher: Public Library of Science}, }
@article{hutchinson_contemporary_2018,  title = {Contemporary ecological interactions improve models of past trait evolution},  volume = {0},  doi = {10.1093/sysbio/syy012},  number = {0},  journal = {Systematic Biology},  author = {Hutchinson, Matthew C. and Gaiarsa, Marília P. and Stouffer, Daniel B.},  year = {2018},  pages = {1--13},  }
@article{hyman_role_1970,  title = {The role of borrowing in the justification of phonological grammars},  volume = {1},  issn = {00390-3533},  url = {https://journals.linguisticsociety.org/elanguage/sal/article/view/927.html},  pages = {1--48},  number = {1},  journaltitle = {Studies in African Linguistics},  author = {Hyman, Larry M.},  date = {1970},  langid = {english}  }
@article{hyman_universals_2008,  title = {Universals in phonology},  volume = {25},  doi = {10.1515/TLIR.2008.003},  pages = {83--137},  number = {1},  journaltitle = {The Linguistic Review},  author = {Hyman, Larry M.},  date = {2008}  }
@article{irschick_comparison_1997,  title = {A comparison of evolutionary radiations in mainland and {Caribbean} anolis lizards},  volume = {78},  copyright = {© 1997 by the Ecological Society of America},  issn = {1939-9170},  doi = {10.1890/0012-9658(1997)078[2191:ACOERI]2.0.CO;2},  language = {en},  number = {7},  journal = {Ecology},  author = {Irschick, Duncan J. and Vitt, Laurie J. and Zani, Peter A. and Losos, Jonathan B.},  year = {1997},  pages = {2191--2203},  }
@article{ives_within-species_2007,  title = {Within-species variation and measurement error in phylogenetic comparative methods},  volume = {56},  issn = {1063-5157},  doi = {10.1080/10635150701313830},  language = {en},  number = {2},  journal = {Systematic Biology},  author = {Ives, Anthony R. and Midford, Peter E. and Garland, Theodore and Oakley, Todd},  year = {2007},  pages = {252--270},  }
@article{jackson_emotion_2019,  title = {Emotion semantics show both cultural variation and universal structure},  volume = {366},  rights = {Copyright © 2019 The Authors, some rights reserved; exclusive licensee American Association for the Advancement of Science. No claim to original U.S. Government Works. http://www.sciencemag.org/about/science-licenses-journal-article-{reuseThis} is an article distributed under the terms of the Science Journals Default License.},  issn = {0036-8075, 1095-9203},  url = {https://science.sciencemag.org/content/366/6472/1517},  doi = {10.1126/science.aaw8160},  pages = {1517--1522},  number = {6472},  journaltitle = {Science},  author = {Jackson, Joshua Conrad and Watts, Joseph and Henry, Teague R. and List, Johann-Mattis and Forkel, Robert and Mucha, Peter J. and Greenhill, Simon J. and Gray, Russell D. and Lindquist, Kristen A.},  urldate = {2020-09-18},  date = {2019-12-20},  pmid = {31857485},  note = {Publisher: American Association for the Advancement of Science Section: Report},    }
@article{jager_computational_2019,  title = {Computational historical linguistics},  volume = {45},  issn = {0301-4428, 1613-4060},  doi = {10.1515/tl-2019-0011},  pages = {151--182},  number = {3},  journaltitle = {Theoretical Linguistics},  author = {Jäger, Gerhard},  date = {2019-12-18}  }
@article{johnson_individual_1993,  title = {Individual differences in vowel production},  volume = {94},  number = {2},  journal = {The Journal of the Acoustical Society of America},  author = {Johnson, Keith and Ladefoged, Peter and Lindau, Mona},  year = {1993},  note = {Publisher: Acoustical Society of America},  pages = {701--714}  }
@article{kang2003perceptual,  title={Perceptual similarity in loanword adaptation: English postvocalic word-final stops in Korean},  author={Kang, Yoonjung},  journal={Phonology},  pages={219--273},  year={2003},  publisher={JSTOR}  }
@article{kass_bayes_1995,  title = {Bayes Factors},  volume = {90},  issn = {0162-1459},  doi = {10.1080/01621459.1995.10476572},  pages = {773--795},  number = {430},  journaltitle = {Journal of the American Statistical Association},  author = {Kass, Robert E. and Raftery, Adrian E.},  date = {1995-06-01},  }
@article{kealy_least-cost_2018,  title = {Least-cost pathway models indicate northern human dispersal from Sunda to {Sahul}},  volume = {125},  issn = {0047-2484},  url = {http://www.sciencedirect.com/science/article/pii/S0047248418302136},  doi = {10.1016/j.jhevol.2018.10.003},  pages = {59--70},  journaltitle = {Journal of Human Evolution},  shortjournal = {Journal of Human Evolution},  author = {Kealy, Shimona and Louys, Julien and O'Connor, Sue},  urldate = {2020-12-21},  date = {2018-12-01},    }
@article{kembel_picante:_2010,  title = {Picante: {R} tools for integrating phylogenies and ecology},  volume = {26},  doi = {10.1093/bioinformatics/btq166},  pages = {1463--1464},  number = {11},  journaltitle = {Bioinformatics},  author = {Kembel, Steven W. and Cowan, Peter D. and Helmus, Mattew R. and Cornwell, William K. and Morlon, Helene and Ackerly, David D. and Blomberg, Simon P. and Webb, Campbell O.},  date = {2010}  }
@article{kolipakam_bayesian_2018,  title = {A {Bayesian} phylogenetic study of the {Dravidian} language family},  volume = {5},  issn = {2054-5703},  doi = {10.1098/rsos.171504},  pages = {171504},  number = {3},  journaltitle = {Royal Society Open Science},  author = {Kolipakam, Vishnupriya and Jordan, Fiona M. and Dunn, Michael and Greenhill, Simon J. and Bouckaert, Remco R. and Gray, Russell D. and Verkerk, Annemarie},  date = {2018-03-01}  }
@article{kolipakam_bayesian_2018,  title = {A {Bayesian} phylogenetic study of the {Dravidian} language family},  volume = {5},  issn = {2054-5703},  doi = {10.1098/rsos.171504},  pages = {171504},  number = {3},  journaltitle = {Royal Society Open Science},  author = {Kolipakam, Vishnupriya and Jordan, Fiona M. and Dunn, Michael and Greenhill, Simon J. and Bouckaert, Remco R. and Gray, Russell D. and Verkerk, Annemarie},  date = {2018-03-01},    }
@article{kroeber_relationships_1923,  title = {Relationships of the Australian languages},  volume = {57},  pages = {101--117},  journaltitle = {Journal and Proceedings of the Royal Society of New South Wales},  author = {Kroeber, Alfred Louis},  date = {1923}  }
@article{kuba2012limiting,  title={Limiting distributions for a class of diminishing urn models},  author={Kuba, Markus and Panholzer, Alois},  journal={Advances in Applied Probability},  volume={44},  number={1},  pages={87--116},  year={2012},  publisher={Cambridge University Press}  }
@article{kullback_information_1951,  title = {On Information and Sufficiency},  volume = {22},  issn = {0003-4851},  pages = {79--86},  number = {1},  journaltitle = {The Annals of Mathematical Statistics},  author = {Kullback, S. and Leibler, R. A.},  date = {1951}  }
@article{labov_regularity_2020,  title = {The regularity of regular sound change},  volume = {96},  issn = {1535-0665},  url = {https://muse.jhu.edu/article/751032},  doi = {10.1353/lan.2020.0001},  pages = {42--59},  number = {1},  journaltitle = {Language},  author = {Labov, William},  urldate = {2020-12-17},  date = {2020},  note = {Publisher: Linguistic Society of America},    }
@article{landis_phylogenetic_2012,  title = {Phylogenetic analysis using {Lévy} processes: {Finding} jumps in the evolution of continuous traits},  volume = {62},  shorttitle = {Phylogenetic analysis using Lévy processes},  pages = {193--204},  number = {2},  journaltitle = {Systematic biology},  author = {Landis, Michael J. and Schraiber, Joshua G. and Liang, Mason},  date = {2012}  }
@article{landis_pulsed_2017,  title = {Pulsed evolution shaped modern vertebrate body sizes},  volume = {114},  pages = {13224--13229},  number = {50},  journaltitle = {Proceedings of the National Academy of Sciences},  author = {Landis, Michael J and Schraiber, Joshua G},  date = {2017}  }
@article{lass_vowel_1984,  title = {Vowel system universals and typology: {Prologue} to theory},  volume = {1},  doi = {10.1017/S0952675700000300},  pages = {75--111},  journaltitle = {Phonology Yearbook},  author = {Lass, Roger},  date = {1984}  }
@article{lavin_morphometrics_2008,  title = {Morphometrics of the avian small intestine compared with that of nonflying mammals: {A} phylogenetic approach},  volume = {81},  issn = {1522-2152},  shorttitle = {Morphometrics of the {Avian} {Small} {Intestine} {Compared} with {That} of {Nonflying} {Mammals}},  doi = {10.1086/590395},  number = {5},  journal = {Physiological and Biochemical Zoology},  author = {Lavin, Shana R. and Karasov, William H. and Ives, Anthony R. and Middleton, Kevin M. and Garland Jr., Theodore},  year = {2008},  pages = {526--550},  }
@article{leache_short_2015,  title = {Short Tree, Long Tree, Right Tree, Wrong Tree: New Acquisition Bias Corrections for Inferring {SNP} Phylogenies},  volume = {64},  issn = {1076-836X},  doi = {10.1093/sysbio/syv053},  pages = {1032--1047},  number = {6},  journaltitle = {Systematic Biology},  shortjournal = {Syst. Biol.},  author = {Leaché, Adam D. and Banbury, Barbara L. and Felsenstein, Joseph and de Oca, Adrián Nieto-Montes and Stamatakis, Alexandros},  date = {2015-11},  pmid = {26227865},  pmcid = {PMC4604835}  }
@article{lee_change_2018,  title = {Change and stability in shopping tourist destination networks},  subtitle = {The case of {Seoul} in {Korea}},  issn = {2212-571X},  doi = {10.1016/j.jdmm.2018.02.004},  journaltitle = {Journal of Destination Marketing \& Management},  author = {Lee, Yuan and Kim, Insin},  urldate = {2018-02-28},  date = {2018},  volume = {9},  pages = {267--278}  }
@article{lee_morphological_2015,  title = {Morphological Phylogenetics in the Genomic Age},  volume = {25},  issn = {0960-9822},  doi = {10.1016/j.cub.2015.07.009},  pages = {R922--R929},  number = {19},  journaltitle = {Current Biology},  author = {Lee, Michael S. Y. and Palci, Alessandro},  date = {2015-10-05}  }
@article{leff_predicting_2018,  title = {Predicting the structure of soil communities from plant community taxonomy, phylogeny, and traits},  copyright = {2018 International Society for Microbial Ecology},  issn = {1751-7370},  doi = {10.1038/s41396-018-0089-x},  language = {en},  journal = {The ISME Journal},  author = {Leff, Jonathan W. and Bardgett, Richard D. and Wilkinson, Anna and Jackson, Benjamin G. and Pritchard, William J. and Long, Jonathan R. and Oakley, Simon and Mason, Kelly E. and Ostle, Nicholas J. and Johnson, David and Baggs, Elizabeth M. and Fierer, Noah},  year = {2018},  pages = {1},  }
@article{lev2014effect,  title={The effect of domain prestige and interlocutors' bilingualism on loanword adaptations},  author={Lev-Ari, Shiri and San Giacomo, Marcela and Peperkamp, Sharon},  journal={Journal of Sociolinguistics},  volume={18},  number={5},  pages={658--684},  year={2014},  publisher={Wiley Online Library}  }
@article{levy_gibrats_2009,  title = {Gibrat's Law for (all) cities},  subtitle = {Comment},  volume = {99},  issn = {0002-8282},  doi = {10.1257/aer.99.4.1672},  pages = {1672--1675},  number = {4},  journaltitle = {American Economic Review},  author = {Levy, Moshe},  date = {2009-09}  }
@article{li_random_1992,  title = {Random texts exhibit {Zipf's}-law-like word frequency distribution},  volume = {38},  issn = {0018-9448},  doi = {10.1109/18.165464},  pages = {1842--1845},  number = {6},  journaltitle = {{IEEE} Transactions on Information Theory},  author = {Li, W.},  date = {1992-11},  }
@article{liljencrants_numerical_1972,  title = {Numerical simulation of vowel quality systems: {The} role of perceptual contrast},  volume = {48},  journal = {Language},  author = {Liljencrants, Johan and Lindblom, Björn},  year = {1972},  note = {Publisher: JSTOR},  pages = {839--862}  }
@article{list_automatic_2018,  title = {Automatic Inference of Sound Correspondence Patterns across Multiple Languages},  volume = {45},  issn = {0891-2017},  url = {https://doi.org/10.1162/coli_a_00344},  doi = {10.1162/coli_a_00344},  pages = {137--161},  number = {1},  journaltitle = {Computational Linguistics},  author = {List, Johann-Mattis},  urldate = {2020-12-16},  date = {2018-12-21},  note = {Publisher: {MIT} Press}  }
@article{list_potential_2017,  title = {The potential of automatic word comparison for historical linguistics},  volume = {12},  issn = {1932-6203},  doi = {10.1371/journal.pone.0170046},  pages = {e0170046},  number = {1},  journaltitle = {{PLoS} {ONE}},  author = {List, Johann-Mattis and Greenhill, Simon J. and Gray, Russell D.},  date = {2017-01},    }
@article{list_sequence_2018,  title = {Sequence comparison in computational historical linguistics},  volume = {3},  doi = {10.1093/jole/lzy006},  pages = {130--144},  number = {2},  journaltitle = {Journal of Language Evolution},  author = {List, Johann-Mattis and Walworth, Mary and Greenhill, Simon J. and Tresoldi, Tiago and Forkel, Robert},  date = {2018},    }
@article{loeb1989formal,  title={Formal power series of logarithmic type},  author={Loeb, Daniel E and Rota, Gian-Carlo},  journal={Advances in Mathematics},  volume={75},  number={1},  pages={1--118},  year={1989},  publisher={Academic Press}  }
@article{losos_phylogenetic_2008,  title = {Phylogenetic niche conservatism, phylogenetic signal and the relationship between phylogenetic relatedness and ecological similarity among species},  volume = {11},  issn = {1461-023X},  doi = {10.1111/j.1461-0248.2008.01229.x},  pages = {995--1003},  number = {10},  journaltitle = {Ecology Letters},  author = {Losos, Jonathan B.},  date = {2008-10-01}  }
@article{malaspinas_genomic_2016,  title = {A genomic history of Aboriginal Australia},  volume = {538},  issn = {0028-0836},  doi = {10.1038/nature18299},  pages = {207--214L},  number = {7624},  journaltitle = {Nature},  author = {Malaspinas, Anna-Sapfo and Westaway, Michael and Muller, Craig and Sousa, Vitor and Lao, Oscar and Alves, Isabel and Bergström, Anders and Athanasiadis, Georgios and Cheng, Jade and Crawford, Jacob and Heupink, Tim and Macholdt, Enrico and Peischl, Stephan and Rasmussen, Simon and Schiffels, Stephan and Subramanian, Sankar and Wright, Joanne and Albrechtsen, Anders and Barbieri, Chiara and Dupanloup, Isabelle and Eriksson, Anders and Margaryan, Ashot and Moltke, Ida and Pugach, Irina and Korneliussen, Thorfinn and Levkivskyi, Ivan and Moreno-Mayar, J. and Ni, Shengyu and Racimo, Fernando and Sikora, Martin and Xue, Yali and Aghakhanian, Farhang and Brucato, Nicolas and Brunak, Søren and Campos, Paula and Clark, Warren and Ellingvåg, Sturla and Fourmile, Gudjugudju and Gerbault, Pascale and Injie, Darren and Koki, George and Leavesley, Matthew and Logan, Betty and Lynch, Aubrey and Matisoo-Smith, Elizabeth and Mcallister, Peter and Mentzer, Alexander and Metspalu, Mait and Migliano, Andrea and Murgha, Les and Phipps, Maude and Pomat, William and Reynolds, Doc and Ricaut, Francois-Xavier and Siba, Peter and Thomas, Mark and Wales, Thomas and Wall, Colleen and Oppenheimer, Stephen and Tyler-Smith, Chris and Durbin, Richard and Dortch, Joe and Manica, Andrea and Schierup, Mikkel and Foley, Robert and Lahr, Marta and Bowern, Claire and Wall, Jeffrey and Mailund, Thomas and Stoneking, Mark and Nielsen, Rasmus and Sandhu, Manjinder and Excoffier, Laurent and Lambert, David and Willerslev, Eske},  date = {2016},    }
@article{malevergne_testing_2011,  title = {Testing the {Pareto} against the lognormal distributions with the uniformly most powerful unbiased test applied to the distribution of cities},  volume = {83},  doi = {10.1103/PhysRevE.83.036111},  pages = {036111},  number = {3},  journaltitle = {Physical Review E},  author = {Malevergne, Yannick and Pisarenko, Vladilen and Sornette, Didier},  date = {2011-03-22},  }
@article{mandelbrot_structure_1954,  title = {Structure formelle des textes et communication},  volume = {10},  issn = {0043-7956},  doi = {10.1080/00437956.1954.11659509},  pages = {1--27},  number = {1},  journaltitle = {{WORD}},  author = {Mandelbrot, Benoit},  date = {1954-04-01},  }
@article{marin_undersampling_2018,  title = {Undersampling genomes has biased time and rate estimates throughout the tree of life},  volume = {35},  doi = {10.1093/molbev/msy103},  pages = {2077--2084},  number = {8},  journaltitle = {Molecular Biology and Evolution},  author = {Marin, Julie and Hedges, S. Blair and Tamura, Koichiro},  date = {2018},  langid = {english}  }
@article{martindale_comparison_1996,  title = {Comparison of equations describing the ranked frequency distributions of graphemes and phonemes},  volume = {3},  issn = {0929-6174},  doi = {10.1080/09296179608599620},  pages = {106--112},  number = {2},  journaltitle = {Journal of Quantitative Linguistics},  author = {Martindale, Colin and Gusein-Zade, S. M. and {McKenzie}, Dean and Borodovsky, Mark Yu},  date = {1996-08-01}  }
@article{maurits_tracing_2014,  title = {Tracing the roots of syntax with {Bayesian} phylogenetics},  volume = {111},  copyright = {©  . Freely available online through the PNAS open access option.},  issn = {0027-8424, 1091-6490},  doi = {10.1073/pnas.1319042111},  language = {en},  number = {37},  journal = {Proceedings of the National Academy of Sciences},  author = {Maurits, Luke and Griffiths, Thomas L.},  year = {2014},  pmid = {25192934},  pages = {13576--13581},  }
@article{mcconvell_patrick_prehistory_2011,  title = {The prehistory and internal relationships of {Australian} languages},  volume = {5},  issn = {1749-818X},  doi = {10.1111/j.1749-818X.2010.00257.x},  pages = {19--32},  number = {1},  journaltitle = {Language and Linguistics Compass},  author = {{McConvell Patrick} and {Bowern Claire}},  date = {2011-01-04},  }
@article{mcmahon_finding_2003,  title = {Finding families: {Quantitative} methods in language classification},  volume = {101},  issn = {1467-968X},  pages = {7--55},  number = {1},  journaltitle = {Transactions of the Philological Society},  author = {{McMahon}, April and {McMahon}, Robert},  date = {2003}  }
@article{mesoudi_pursuing_2017,  title = {Pursuing {Darwin’s} curious parallel: {Prospects} for a science of cultural evolution},  volume = {114},  issn = {0027-8424, 1091-6490},  url = {https://www.pnas.org/content/114/30/7853},  doi = {10.1073/pnas.1620741114},  shorttitle = {Pursuing Darwin’s curious parallel},  pages = {7853--7860},  number = {30},  journaltitle = {Proceedings of the National Academy of Sciences},  shortjournal = {{PNAS}},  author = {Mesoudi, Alex},  urldate = {2020-09-15},  date = {2017-07-25},  pmid = {28739929},  note = {Publisher: National Academy of Sciences Section: Colloquium Paper},    }
@article{michael_bayesian_2015,  title = {A Bayesian Phylogenetic Classification of Tupí-Guaraní},  volume = {15},  rights = {Copyright (c)},  issn = {2177-7160},  url = {https://periodicos.sbu.unicamp.br/ojs/index.php/liames/article/view/8642301},  doi = {10.20396/liames.v15i2.8642301},  pages = {193--221},  number = {2},  journaltitle = {{LIAMES}: Línguas Indígenas Americanas},  author = {Michael, Lev and Chousou-Polydouri, Natalia and Bartolomei, Keith and Donnelly, Erin and Meira, Sérgio and Wauters, Vivian and O'Hagan, Zachary},  urldate = {2020-09-18},  date = {2015-09-19},  note = {Number: 2},    }
@article{miestamo_sampling_2016,  title = {Sampling for variety},  volume = {20},  issn = {1430-0532},  doi = {10.1515/lingty-2016-0006},  number = {2},  journal = {Linguistic Typology},  author = {Miestamo, Matti and Bakker, Dik and Arppe, Antti},  year = {2016},  pages = {233--296}  }
@article{miller_using_2020,  title = {Using lexical language models to detect borrowings in monolingual wordlists},  volume = {15},  issn = {1932-6203},  url = {https://journals.plos.org/plosone/article?id=10.1371/journal.pone.0242709},  doi = {10.1371/journal.pone.0242709},  pages = {e0242709},  number = {12},  journaltitle = {{PLOS} {ONE}},  shortjournal = {{PLOS} {ONE}},  author = {Miller, John E. and Tresoldi, Tiago and Zariquiey, Roberto and Castañón, César A. Beltrán and Morozova, Natalia and List, Johann-Mattis},  urldate = {2020-12-16},  date = {2020-12-09},  note = {Publisher: Public Library of Science},    }
@article{mitzenmacher_brief_2004,  title = {A brief history of generative models for power law and lognormal distributions},  volume = {1},  issn = {1542-7951},  doi = {10.1080/15427951.2004.10129088},  pages = {226--251},  number = {2},  journaltitle = {Internet Mathematics},  author = {Mitzenmacher, Michael},  date = {2004-01-01}  }
@article{montemurro_beyond_2001,  title = {Beyond the {Zipf–Mandelbrot} law in quantitative linguistics},  volume = {300},  issn = {0378-4371},  doi = {10.1016/S0378-4371(01)00355-7},  pages = {567--578},  number = {3},  journaltitle = {Physica A: Statistical Mechanics and its Applications},  author = {Montemurro, Marcelo A.},  date = {2001-11-15}  }
@article{moran_investigating_2020,  title = {Investigating diachronic trends in phonological inventories using {BDPROTO}},  issn = {1574-0218},  doi = {10.1007/s10579-019-09483-3},  journaltitle = {Language Resources and Evaluation},  author = {Moran, Steven and Grossman, Eitan and Verkerk, Annemarie},  date = {2020-01-07}  }
@article{moran_notes_1950,  title = {Notes on continuous stochastic phenomena},  volume = {37},  issn = {0006-3444},  doi = {10.2307/2332142},  number = {1/2},  journal = {Biometrika},  author = {Moran, P. A. P.},  year = {1950},  pages = {17--23}  }
@article{munkemuller_how_2012,  title = {How to measure and test phylogenetic signal},  volume = {3},  copyright = {© 2012 The Authors. Methods in Ecology and Evolution © 2012 British Ecological Society},  issn = {2041-210X},  doi = {10.1111/j.2041-210X.2012.00196.x},  language = {en},  number = {4},  journal = {Methods in Ecology and Evolution},  author = {Münkemüller, Tamara and Lavergne, Sébastien and Bzeznik, Bruno and Dray, Stéphane and Jombart, Thibaut and Schiffers, Katja and Thuiller, Wilfried},  year = {2012},  pages = {743--756},  }
@article{nagle_aboriginal_2017,  title = {Aboriginal Australian mitochondrial genome variation – an increased understanding of population antiquity and diversity},  volume = {7},  rights = {2017 The Author(s)},  issn = {2045-2322},  url = {http://www.nature.com/articles/srep43041},  doi = {10.1038/srep43041},  pages = {43041},  number = {1},  journaltitle = {Scientific Reports},  author = {Nagle, Nano and van Oven, Mannis and Wilcox, Stephen and van Holst Pellekaan, Sheila and Tyler-Smith, Chris and Xue, Yali and Ballantyne, Kaye N. and Wilcox, Leah and Papac, Luka and Cooke, Karen and van Oorschot, Roland A. H. and {McAllister}, Peter and Williams, Lesley and Kayser, Manfred and Mitchell, R. John},  urldate = {2020-12-21},  date = {2017-03-13},  note = {Number: 1 Publisher: Nature Publishing Group},    }
@article{naranan_information_1992,  title = {Information theoretic models in statistical linguistics—Part I},  subtitle = {A model for word frequencies},  volume = {63},  issn = {0011-3891},  pages = {261--269},  number = {5},  journaltitle = {Current Science},  author = {Naranan, S. and Balasubrahmanyan, V. K.},  date = {1992}  }
@article{naranan_models_1998,  title = {Models for power law relations in linguistics and information science},  volume = {5},  issn = {0929-6174},  doi = {10.1080/09296179808590110},  pages = {35--61},  number = {1},  journaltitle = {Journal of Quantitative Linguistics},  author = {Naranan, S. and Balasubrahmanyan, V. K.},  date = {1998-05-01}  }
@article{naroll_two_1961,  title = {Two Solutions to Galton's Problem},  volume = {28},  issn = {0031-8248},  doi = {10.1086/287778},  pages = {15--39},  number = {1},  journal = {Philosophy of Science},  shortjournal = {Philosophy of Science},  author = {Naroll, Raoul},  year = {1961},  }
@article{newman_complex_2011,  title = {Complex Systems},  subtitle = {A Survey},  volume = {79},  issn = {0002-9505, 1943-2909},  doi = {10.1119/1.3590372},  pages = {800--810},  number = {8},  journaltitle = {American Journal of Physics},  author = {Newman, M. E. J.},  date = {2011-08},  eprinttype = {arxiv},  eprint = {1112.1440},  eid = {arXiv:1112.1440}  }
@article{newman_power_2005,  title = {Power laws, {Pareto} distributions and {Zipf's} law},  volume = {46},  issn = {0010-7514},  doi = {10.1080/00107510500052444},  pages = {323--351},  number = {5},  journaltitle = {Contemporary Physics},  author = {Newman, M. E. J.},  date = {2005-09-01},  }
@article{nicholls_dated_2008,  title = {Dated ancestral trees from binary trait data and their application to the diversification of languages},  volume = {70},  rights = {© 2008 Royal Statistical Society},  issn = {1467-9868},  url = {https://rss.onlinelibrary.wiley.com/doi/abs/10.1111/j.1467-9868.2007.00648.x},  doi = {10.1111/j.1467-9868.2007.00648.x},  pages = {545--566},  number = {3},  journaltitle = {Journal of the Royal Statistical Society: Series B (Statistical Methodology)},  author = {Nicholls, Geoff K. and Gray, Russell D.},  urldate = {2020-09-18},  date = {2008},  note = {\_eprint: https://rss.onlinelibrary.wiley.com/doi/pdf/10.1111/j.1467-9868.2007.00648.x},    }
@article{nolle_language_2020,  title = {Language evolution research in the year 2020: A survey of new directions},  volume = {10},  issn = {2210-5832, 2210-5824},  url = {http://brill.com/view/journals/ldc/10/1/article-p3_2.xml},  doi = {10.1163/22105832-bja10005},  shorttitle = {Language evolution research in the year 2020},  pages = {3--26},  number = {1},  journaltitle = {Language Dynamics and Change},  author = {Nölle, Jonas and Hartmann, Stefan and Tinits, Peeter},  urldate = {2020-09-18},  date = {2020-06-15},  note = {Publisher: Brill Section: Language Dynamics and Change},    }
@article{oconnell_dating_2004,  title = {Dating the colonization of {Sahul} (Pleistocene Australia–New Guinea): a review of recent research},  volume = {31},  issn = {0305-4403},  url = {http://www.sciencedirect.com/science/article/pii/S0305440303001882},  doi = {10.1016/j.jas.2003.11.005},  shorttitle = {Dating the colonization of {Sahul} (Pleistocene Australia–New Guinea)},  pages = {835--853},  number = {6},  journaltitle = {Journal of Archaeological Science},  shortjournal = {Journal of Archaeological Science},  author = {O'Connell, J. F and Allen, J},  urldate = {2020-12-21},  date = {2004-06-01},  }
@article{oconnell_process_2015,  title = {The process, biotic impact, and global implications of the human colonization of {Sahul} about 47,000 years ago},  volume = {56},  issn = {0305-4403},  url = {http://www.sciencedirect.com/science/article/pii/S0305440315000588},  doi = {10.1016/j.jas.2015.02.020},  series = {Scoping the Future of Archaeological Science: Papers in Honour of Richard Klein},  pages = {73--84},  journaltitle = {Journal of Archaeological Science},  shortjournal = {Journal of Archaeological Science},  author = {O'Connell, J. F. and Allen, J.},  urldate = {2020-12-21},  date = {2015-04-01},    }
@article{ogrady_languages_1966,  title = {Languages of the world: {Indo-Pacific} fascicle six},  shorttitle = {Languages of the world},  pages = {1--197},  journaltitle = {Anthropological Linguistics},  author = {O'Grady, Geoffrey N. and Voegelin, Charles F. and Voegelin, Florence M.},  date = {1966}  }
@article{ogrady_languages_1966,  title = {Languages of the world: {Indo-Pacific} fascicle six},  shorttitle = {Languages of the world},  pages = {1--197},  journaltitle = {Anthropological Linguistics},  author = {O'Grady, Geoffrey N. and Voegelin, Charles Frederick and Voegelin, Florence M.},  date = {1966}  }
@article{pagel_inferring_1999,  title = {Inferring the historical patterns of biological evolution},  volume = {401},  copyright = {1999 Nature Publishing Group},  issn = {1476-4687},  doi = {10.1038/44766},  language = {en},  number = {6756},  journal = {Nature},  author = {Pagel, Mark},  year = {1999},  pages = {877--884},  }
@article{pagel_q_2017,  title = {Q\&A: {What} is human language, when did it evolve and why should we care?},  volume = {15},  issn = {1741-7007},  url = {https://www.ncbi.nlm.nih.gov/pmc/articles/PMC5525259/},  doi = {10.1186/s12915-017-0405-3},  shorttitle = {Q\&A},  journaltitle = {{BMC} Biology},  shortjournal = {{BMC} Biol},  author = {Pagel, Mark},  urldate = {2020-12-27},  date = {2017-07-24},  pmid = {28738867},  pmcid = {PMC5525259}  }
@article{paradis1997preservation,  title={Preservation and minimality in loanword adaptation},  author={Paradis, Carole and LaCharit{\'e}, Darlene},  journal={Journal of linguistics},  pages={379--430},  year={1997},  publisher={JSTOR}  }
@article{parins-fukuchi_use_2018,  title = {Use of Continuous Traits Can Improve Morphological Phylogenetics},  volume = {67},  issn = {1076-836X},  doi = {10.1093/sysbio/syx072},  pages = {328--339},  number = {2},  journaltitle = {Systematic Biology},  author = {Parins-Fukuchi, Caroline},  date = {2018-03-01},  pmid = {28945906}  }
@article{pedro_papuan_2020,  title = {Papuan mitochondrial genomes and the settlement of {Sahul}},  volume = {65},  rights = {2020 The Author(s)},  issn = {1435-232X},  url = {http://www.nature.com/articles/s10038-020-0781-3},  doi = {10.1038/s10038-020-0781-3},  pages = {875--887},  number = {10},  journaltitle = {Journal of Human Genetics},  author = {Pedro, Nicole and Brucato, Nicolas and Fernandes, Veronica and André, Mathilde and Saag, Lauri and Pomat, William and Besse, Céline and Boland, Anne and Deleuze, Jean-François and Clarkson, Chris and Sudoyo, Herawati and Metspalu, Mait and Stoneking, Mark and Cox, Murray P. and Leavesley, Matthew and Pereira, Luisa and Ricaut, François-Xavier},  urldate = {2020-12-21},  date = {2020-10},  note = {Number: 10 Publisher: Nature Publishing Group},    }
@article{perkins_statistical_1989,  title = {Statistical techniques for determining language sample size},  volume = {13},  pages = {293--315},  number = {2},  journal = {Studies in Language. International Journal sponsored by the Foundation “Foundations of Language”},  author = {Perkins, Revere D.},  year = {1989},  address = {Amsterdam}  }
@article{piantadosi2014zipf,  title={Zipf’s word frequency law in natural language: A critical review and future directions},  author={Piantadosi, Steven T},  journal={Psychonomic bulletin \& review},  volume={21},  number={5},  pages={1112--1130},  year={2014},  publisher={Springer}  }
@article{purvis_polytomies_1993,  title = {Polytomies in comparative analyses of continuous characters},  volume = {42},  issn = {1063-5157},  doi = {10.2307/2992489},  number = {4},  journal = {Systematic Biology},  author = {Purvis, Andy and Garland, Theodore},  year = {1993},  pages = {569--575}  }
@article{purvis_truth_1994,  title = {Truth or consequences: {Effects} of phylogenetic accuracy on two comparative methods},  volume = {167},  issn = {0022-5193},  shorttitle = {Truth or {Consequences}},  doi = {10.1006/jtbi.1994.1071},  number = {3},  journal = {Journal of Theoretical Biology},  author = {Purvis, Andy and Gittleman, John L. and Luh, Hang-Kwang},  year = {1994},  pages = {293--300},  }
@article{rambaut_posterior_2018,  title = {Posterior Summarization in Bayesian Phylogenetics Using Tracer 1.7},  volume = {67},  issn = {1063-5157},  doi = {10.1093/sysbio/syy032},  pages = {901--904},  number = {5},  journaltitle = {Systematic Biology},  shortjournal = {Syst Biol},  author = {Rambaut, Andrew and Drummond, Alexei J. and Xie, Dong and Baele, Guy and Suchard, Marc A.},  date = {2018-09-01}  }
@article{reesink_explaining_2009,  title = {Explaining the Linguistic Diversity of {Sahul} Using Population Models},  volume = {7},  issn = {1545-7885},  url = {http://journals.plos.org/plosbiology/article?id=10.1371/journal.pbio.1000241},  doi = {10.1371/journal.pbio.1000241},  pages = {e1000241},  number = {11},  journaltitle = {{PLOS} Biol},  shortjournal = {{PLOS} Biol},  author = {Reesink, Ger and Singer, Ruth and Dunn, Michael},  urldate = {2016-11-08},  date = {2009-11-17},  }
@article{reeves_sedimentary_2008,  title = {The sedimentary record of palaeoenvironments and sea-level change in the Gulf of Carpentaria, Australia, through the last glacial cycle},  volume = {183},  issn = {1040-6182},  url = {http://www.sciencedirect.com/science/article/pii/S1040618207003692},  doi = {10.1016/j.quaint.2007.11.019},  series = {Subaerially exposed continental shelves: contributions from {INQUA} Project 0419},  pages = {3--22},  number = {1},  journaltitle = {Quaternary International},  shortjournal = {Quaternary International},  author = {Reeves, Jessica M. and Chivas, Allan R. and García, Adriana and Holt, Sabine and Couapel, Martine J. J. and Jones, Brian G. and Cendón, Dioni I. and Fink, David},  urldate = {2020-12-21},  date = {2008-05-15},    }
@article{revell_phylogenetic_2008,  title = {Phylogenetic signal, evolutionary process, and rate},  volume = {57},  issn = {1063-5157},  doi = {10.1080/10635150802302427},  pages = {591--601},  number = {4},  journaltitle = {Systematic Biology},  author = {Revell, Liam J. and Harmon, Luke J. and Collar, David C. and Oakley, Todd},  date = {2008-08},  langid = {english}  }
@article{rexova_cladistic_2006,  title = {Cladistic analysis of {Bantu} languages: a new tree based on combined lexical and grammatical data},  volume = {93},  issn = {0028-1042, 1432-1904},  shorttitle = {Cladistic analysis of {Bantu} languages},  doi = {10.1007/s00114-006-0088-z},  language = {en},  number = {4},  journal = {Naturwissenschaften},  author = {Rexová, Kateřina and Bastin, Yvonne and Frynta, Daniel},  year = {2006},  pages = {189--194},  }
@article{rexova_cladistic_2006,  title = {Cladistic analysis of {Bantu} languages: {A} new tree based on combined lexical and grammatical data},  volume = {93},  issn = {0028-1042, 1432-1904},  doi = {10.1007/s00114-006-0088-z},  shorttitle = {Cladistic analysis of {Bantu} languages},  pages = {189--194},  number = {4},  journaltitle = {Naturwissenschaften},  author = {Rexová, Kateřina and Bastin, Yvonne and Frynta, Daniel},  date = {2006-04},  langid = {english}  }
@article{rijkhoff_language_1998,  title = {Language sampling},  volume = {2},  number = {3},  journal = {Linguistic Typology},  author = {Rijkhoff, Jan and Bakker, Dik},  year = {1998},  pages = {263--314}  }
@article{rijkhoff_method_1993,  title = {A method of language sampling},  volume = {17},  issn = {0378-4177, 1569-9978},  doi = {10.1075/sl.17.1.07rij},  language = {en},  number = {1},  journal = {Studies in Language},  author = {Rijkhoff, Jan and Bakker, Dik and Hengeveld, Kees and Kahrel, Peter},  year = {1993},  pages = {169--203},  }
@article{roberts_robust_2018,  title = {Robust, causal, and incremental approaches to investigating linguistic adaptation},  volume = {9},  issn = {1664-1078},  doi = {10.3389/fpsyg.2018.00166},  language = {English},  journal = {Frontiers in Psychology},  author = {Roberts, Seán G.},  year = {2018},    }
@article{round_comparability_2020,  title = {Comparability and measurement in typological science: {The} bright future for linguistics},  volume = {24},  issn = {1613-415X, 1430-0532},  url = {https://null/view/journals/lity/ahead-of-print/article-10.1515-lingty-2020-2060/article-10.1515-lingty-2020-2060.xml},  doi = {10.1515/lingty-2020-2060},  shorttitle = {Comparability and measurement in typological science},  pages = {489--525},  number = {3},  journaltitle = {Linguistic Typology},  author = {Round, Erich R. and Corbett, Greville G.},  urldate = {2020-12-17},  date = {2020-10-25},  note = {Publisher: De Gruyter Mouton Section: Linguistic Typology},    }
@article{round_matthew_2017,  title = {{Matthew K. Gordon}: {Phonological} typology [book review]},  volume = {51},  doi = {10.1515/flin-2017-0027},  pages = {745--755},  number = {3},  journaltitle = {Folia Linguistica},  author = {Round, Erich R.},  date = {2017}  }
@article{ryder_missing_2011,  title = {Missing data in a stochastic Dollo model for binary trait data, and its application to the dating of Proto-Indo-European},  volume = {60},  rights = {© 2011 Royal Statistical Society},  issn = {1467-9876},  url = {https://rss.onlinelibrary.wiley.com/doi/abs/10.1111/j.1467-9876.2010.00743.x},  doi = {10.1111/j.1467-9876.2010.00743.x},  pages = {71--92},  number = {1},  journaltitle = {Journal of the Royal Statistical Society: Series C (Applied Statistics)},  author = {Ryder, Robin J. and Nicholls, Geoff K.},  urldate = {2020-09-18},  date = {2011},  note = {\_eprint: https://rss.onlinelibrary.wiley.com/doi/pdf/10.1111/j.1467-9876.2010.00743.x},    }
@article{sagart_dated_2019,  title = {Dated language phylogenies shed light on the ancestry of Sino-Tibetan},  volume = {116},  rights = {Copyright © 2019 the Author(s). Published by {PNAS}.. https://creativecommons.org/licenses/by-nc-nd/4.0/This open access article is distributed under Creative Commons Attribution-{NonCommercial}-{NoDerivatives} License 4.0 ({CC} {BY}-{NC}-{ND}).},  issn = {0027-8424, 1091-6490},  url = {https://www.pnas.org/content/116/21/10317},  doi = {10.1073/pnas.1817972116},  pages = {10317--10322},  number = {21},  journaltitle = {Proceedings of the National Academy of Sciences},  shortjournal = {{PNAS}},  author = {Sagart, Laurent and Jacques, Guillaume and Lai, Yunfan and Ryder, Robin J. and Thouzeau, Valentin and Greenhill, Simon J. and List, Johann-Mattis},  urldate = {2020-06-04},  date = {2019-05-21},  pmid = {31061123},  note = {Publisher: National Academy of Sciences Section: Social Sciences},    }
@article{sallan_heads_2012,  title = {Heads or tails: {Staged} diversification in vertebrate evolutionary radiations},  volume = {279},  doi = {10.1098/rspb.2011.2454},  pages = {2025--2032},  number = {1735},  journaltitle = {Proceedings of the Royal Society B: Biological Sciences},  author = {Sallan, Lauren Cole and Friedman, Matt},  date = {2012-05-22},  }
@article{savelyev_bayesian_2020,  title = {Bayesian phylolinguistics infers the internal structure and the time-depth of the Turkic language family},  issn = {2058-458X},  doi = {10.1093/jole/lzz010},  journaltitle = {Journal of Language Evolution},  author = {Savelyev, Alexander and Robbeets, Martine},  date = {2020-02-14},  note = {Publisher: Oxford University Press},    }
@article{savelyev_bayesian_2020,  title = {Bayesian phylolinguistics infers the internal structure and the time-depth of the Turkic language family},  issn = {2058-458X},  url = {https://pure.mpg.de/pubman/faces/ViewItemOverviewPage.jsp?itemId=item_3194861},  doi = {10.1093/jole/lzz010},  journaltitle = {Journal of Language Evolution},  author = {Savelyev, Alexander and Robbeets, Martine},  urldate = {2020-09-26},  date = {2020-02-14},  note = {Publisher: Oxford University Press},    }
@article{schleicher_ersten_1853,  title = {{Die} ersten {Spaltungen} des Indogermanischen {Urvolkes}},  volume = {1853},  pages = {876--787},  journaltitle = {Allgemeine Monatsschrift für Wissenschaft und Literatur},  author = {Schleicher, August},  date = {1853}  }
@article{segovia-martin_eco-evo-devo_2020,  title = {Eco-evo-devo and iterated learning: {Towards} an integrated approach in the light of niche construction},  volume = {35},  issn = {1572-8404},  url = {https://doi.org/10.1007/s10539-020-09761-3},  doi = {10.1007/s10539-020-09761-3},  shorttitle = {Eco-evo-devo and iterated learning},  pages = {42},  number = {4},  journaltitle = {Biology \& Philosophy},  shortjournal = {Biol Philos},  author = {Segovia-Martín, José and Balari, Sergio},  urldate = {2020-09-18},  date = {2020-07-26},    }
@article{sicoli_linguistic_2014,  title = {Linguistic Phylogenies Support Back-Migration from Beringia to Asia},  volume = {9},  issn = {1932-6203},  url = {https://journals.plos.org/plosone/article?id=10.1371/journal.pone.0091722},  doi = {10.1371/journal.pone.0091722},  pages = {e91722},  number = {3},  journaltitle = {{PLOS} {ONE}},  shortjournal = {{PLOS} {ONE}},  author = {Sicoli, Mark A. and Holton, Gary},  urldate = {2020-08-21},  date = {2014-03-12},  note = {Publisher: Public Library of Science},    }
@article{sigurd_rank-frequency_1968,  title = {Rank-frequency distributions for phonemes},  volume = {18},  issn = {0031-8388, 1423-0321},  doi = {10.1159/000258595},  pages = {1--15},  number = {1},  journaltitle = {Phonetica},  author = {Sigurd, Bengt},  urldate = {2018-03-01},  date = {1968},  }
@article{silverman_multiple_1992,  title = {Multiple scansions in loanword phonology},  subtitle = {evidence from {Cantonese}},  volume = {9},  number = {2},  journal = {Phonology},  author = {Silverman, Daniel},  date = {1992},  pages = {289--328}  }
@article{simon_class_1955,  title = {On a class of skew distribution functions},  volume = {42},  issn = {0006-3444},  doi = {10.1093/biomet/42.3-4.425},  pages = {425--440},  number = {3},  journaltitle = {Biometrika},  author = {Simon, Herbert A.},  date = {1955-12-01}  }
@article{sookias_deep_2018,  title = {Deep cultural ancestry and human development indicators across nation states},  volume = {5},  doi = {10.1098/rsos.171411},  pages = {171411},  number = {4},  journaltitle = {Royal Society Open Science},  author = {Sookias, Roland B. and Passmore, Samuel and Atkinson, Quentin D.},  date = {2018}  }
@article{spiegelhalter_omnibus_1980,  title = {An omnibus test for normality for small samples},  volume = {67},  issn = {0006-3444},  doi = {10.1093/biomet/67.2.493},  pages = {493--496},  number = {2},  journaltitle = {Biometrika},  author = {Spiegelhalter, D. J.},  date = {1980-01-01}  }
@article{steiner_pipeline_2011,  title = {A Pipeline for Computational Historical Linguistics},  volume = {1},  issn = {2210-5832, 2210-5824},  doi = {10.1163/221058211X570358},  pages = {89--127},  number = {1},  journaltitle = {Language Dynamics and Change},  author = {Steiner, Lydia and Cysouw, Michael and Stadler, Peter},  date = {2011-01-01}  }
@article{stevens_quantal_1989,  title = {On the quantal nature of speech},  volume = {17},  number = {1-2},  journal = {Journal of phonetics},  author = {Stevens, Kenneth N},  year = {1989},  note = {Publisher: Elsevier},  pages = {3--45}  }
@article{stumpf_critical_2012,  title = {Critical truths about power laws},  volume = {335},  issn = {0036-8075, 1095-9203},  doi = {10.1126/science.1216142},  pages = {665--666},  number = {6069},  journaltitle = {Science},  author = {Stumpf, Michael P. H. and Porter, Mason A.},  date = {2012-02-10},  pmid = {22323807},  }
@article{suchard_bayesian_2018,  title = {Bayesian phylogenetic and phylodynamic data integration using {BEAST} 1.10},  volume = {4},  doi = {10.1093/ve/vey016},  number = {1},  journaltitle = {Virus Evolution},  author = {Suchard, Marc A. and Lemey, Philippe and Baele, Guy and Ayres, Daniel L. and Drummond, Alexei J. and Rambaut, Andrew},  date = {2018-01-01}  }
@article{swadesh_lexico-statistic_1952,  title = {Lexico-statistic dating of prehistoric ethnic contacts: With special reference to North American Indians and Eskimos},  issn = {0003-049X},  pages = {452--463},  journaltitle = {Proceedings of the American philosophical society},  author = {Swadesh, Morris},  date = {1952}  }
@article{swadesh_towards_1955,  title = {Towards greater accuracy in lexicostatistic dating},  volume = {21},  url = {http://www.jstor.org/stable/1263939},  pages = {121--137},  number = {2},  journaltitle = {International journal of American linguistics},  author = {Swadesh, Morris},  urldate = {2016-11-11},  date = {1955}  }
@article{symonds_effects_2002,  title = {The effects of topological inaccuracy in evolutionary trees on the phylogenetic comparative method of independent contrasts},  volume = {51},  issn = {1063-5157},  doi = {10.1080/10635150290069977},  language = {en},  number = {4},  journal = {Systematic Biology},  author = {Symonds, Matthew R. E. and Page, Rod},  year = {2002},  pages = {541--553},  }
@article{tambovtsev_phoneme_2007,  title = {Phoneme frequencies follow a {Yule} distribution},  volume = {4},  number = {2},  journaltitle = {{SKASE} Journal of Theoretical Linguistics},  author = {Tambovtsev, Yuri and Martindale, Colin},  date = {2007},  url = {http://www.skase.sk/Volumes/JTL09/pdf_doc/1.pdf},  pages = {1--11}  }
@article{tobler_aboriginal_2017,  title = {Aboriginal mitogenomes reveal 50,000 years of regionalism in Australia},  volume = {544},  rights = {2017 Macmillan Publishers Limited, part of Springer Nature. All rights reserved.},  issn = {1476-4687},  url = {http://www.nature.com/articles/nature21416},  doi = {10.1038/nature21416},  pages = {180--184},  number = {7649},  journaltitle = {Nature},  author = {Tobler, Ray and Rohrlach, Adam and Soubrier, Julien and Bover, Pere and Llamas, Bastien and Tuke, Jonathan and Bean, Nigel and Abdullah-Highfold, Ali and Agius, Shane and O’Donoghue, Amy and O’Loughlin, Isabel and Sutton, Peter and Zilio, Fran and Walshe, Keryn and Williams, Alan N. and Turney, Chris S. M. and Williams, Matthew and Richards, Stephen M. and Mitchell, Robert J. and Kowal, Emma and Stephen, John R. and Williams, Lesley and Haak, Wolfgang and Cooper, Alan},  urldate = {2020-12-21},  date = {2017-04},  note = {Number: 7649 Publisher: Nature Publishing Group}  }
@article{tolkoff_phylogenetic_2018,  title = {Phylogenetic Factor Analysis},  volume = {67},  issn = {1063-5157},  doi = {10.1093/sysbio/syx066},  pages = {384--399},  number = {3},  journaltitle = {Systematic Biology},  shortjournal = {Syst Biol},  author = {Tolkoff, Max R. and Alfaro, Michael E. and Baele, Guy and Lemey, Philippe and Suchard, Marc A.},  date = {2018-05-01},  langid = {english},  }
@article{touboul_can_2010,  title = {Can Power-Law Scaling and Neuronal Avalanches Arise from Stochastic Dynamics?},  volume = {5},  issn = {1932-6203},  doi = {10.1371/journal.pone.0008982},  pages = {e8982},  number = {2},  journaltitle = {{PLOS} {ONE}},  author = {Touboul, Jonathan and Destexhe, Alain},  date = {2010-02-11}  }
@article{urzua_testing_2011,  title = {Testing for {Zipf’s} law},  subtitle = {A common pitfall},  volume = {112},  issn = {0165-1765},  doi = {10.1016/j.econlet.2011.05.049},  pages = {254--255},  number = {3},  journaltitle = {Economics Letters},  author = {Urzúa, Carlos M.},  date = {2011-09-01},  }
@article{uyeda_rethinking_2018,  title = {Rethinking phylogenetic comparative methods},  volume = {67},  doi = {10.1093/sysbio/syy031},  pages = {1091--1109},  number = {6},  journaltitle = {Systematic Biology},  author = {Uyeda, Josef C. and Zenil-Ferguson, Rosana and Pennell, Matthew W. and Matzke, Nicholas},  date = {2018-11},  langid = {english}  }
@article{verkerk_diachronic_2014,  title = {Diachronic change in {Indo-European} motion event encoding},  volume = {4},  issn = {2210-2116, 2210-2124},  doi = {10.1075/jhl.4.1.02ver},  pages = {40--83},  number = {1},  journaltitle = {Journal of Historical Linguistics},  author = {Verkerk, Annemarie},  date = {2014-01},  langid = {english}  }
@article{verkerk_where_2015,  title = {Where do all the motion verbs come from?: The speed of development of manner verbs and path verbs in Indo-European},  volume = {32},  issn = {0176-4225, 1569-9714},  doi = {10.1075/dia.32.1.03ver},  shorttitle = {Where do all the motion verbs come from?},  pages = {69--104},  number = {1},  journaltitle = {Diachronica},  author = {Verkerk, Annemarie},  date = {2015-01-01},  langid = {english},  }
@article{verstraete_mbarrumbathama_2019,  title = {Mbarrumbathama (Lamalama)},  volume = {49},  rights = {Copyright © International Phonetic Association 2018},  issn = {00251003},  url = {https://search.proquest.com/docview/2259318012/abstract/695BC97206BD4755PQ/1},  doi = {http://dx.doi.org/10.1017/S0025100318000105},  pages = {265--288},  number = {2},  journaltitle = {International Phonetic Association. Journal of the International Phonetic Association},  author = {Verstraete, Jean-Christophe},  urldate = {2020-12-19},  date = {2019-08},  note = {Num Pages: 265-288 Place: Cambridge, United Kingdom Publisher: Cambridge University Press Section: Illustrations of the {IPA}},    }
@article{voegelin_index_1966,  title = {Index of languages of the world},  volume = {8},  issn = {0003-5483},  pages = {1--222},  number = {6},  journal = {Anthropological Linguistics},  author = {Voegelin, C. F. and Voegelin, F. M.},  year = {1966}  }
@article{voegelin_obtaining_1963,  title = {Obtaining an Index of Phonological Differentiation from the Construction of Non-Existent Minimax Systems},  volume = {29},  issn = {0020-7071},  pages = {4--28},  number = {1},  journaltitle = {International Journal of American Linguistics},  author = {Voegelin, Florence M. and Wurm, Stephen A. and O'Grady, Geoffrey and Matsuda, Tokuichiro and Voegelin, Charles F.},  date = {1963}  }
@article{vuong_likelihood_1989,  title = {Likelihood Ratio Tests for Model Selection and Non-Nested Hypotheses},  volume = {57},  issn = {0012-9682},  doi = {10.2307/1912557},  pages = {307--333},  number = {2},  journaltitle = {Econometrica},  author = {Vuong, Quang H.},  date = {1989}  }
@article{walker_bayesian_2011,  title = {{Bayesian} phylogeography of the {Arawak} expansion in lowland {South America}},  volume = {278},  doi = {10.1098/rspb.2010.2579},  pages = {2562--2567},  number = {1718},  journaltitle = {Proceedings of the Royal Society B: Biological Sciences},  author = {Walker, Robert S. and Ribeiro, Lincoln A.},  date = {2011-09-07}  }
@article{webb_phylogenies_2002,  title = {Phylogenies and Community Ecology},  volume = {33},  doi = {10.1146/annurev.ecolsys.33.010802.150448},  pages = {475--505},  number = {1},  journaltitle = {Annual Review of Ecology and Systematics},  author = {Webb, Campbell O. and Ackerly, David D. and {McPeek}, Mark A. and Donoghue, Michael J.},  date = {2002}  }
@article{whiteley_revising_2019,  title = {Revising the Bantu tree},  volume = {35},  rights = {© The Willi Hennig Society 2018},  issn = {1096-0031},  url = {https://onlinelibrary.wiley.com/doi/abs/10.1111/cla.12353},  doi = {10.1111/cla.12353},  pages = {329--348},  number = {3},  journaltitle = {Cladistics},  author = {Whiteley, Peter M. and Xue, Ming and Wheeler, Ward C.},  urldate = {2020-09-18},  date = {2019},  note = {\_eprint: https://onlinelibrary.wiley.com/doi/pdf/10.1111/cla.12353},    }
@article{widmer_np_2017,  title = {{NP} recursion over time: {Evidence} from {Indo-European}},  volume = {93},  issn = {1535-0665},  doi = {10.1353/lan.2017.0058},  pages = {799--826},  number = {4},  journaltitle = {Language},  author = {Widmer, Manuel and Auderset, Sandra and Nichols, Johanna and Widmer, Paul and Bickel, Balthasar},  date = {2017-12-21}  }
@article{williams_sea-level_2018,  title = {Sea-level change and demography during the last glacial termination and early Holocene across the Australian continent},  volume = {182},  issn = {0277-3791},  url = {http://www.sciencedirect.com/science/article/pii/S0277379117305267},  doi = {10.1016/j.quascirev.2017.11.030},  pages = {144--154},  journaltitle = {Quaternary Science Reviews},  shortjournal = {Quaternary Science Reviews},  author = {Williams, Alan N. and Ulm, Sean and Sapienza, Tom and Lewis, Stephen and Turney, Chris S. M.},  urldate = {2020-12-20},  date = {2018-02-15},  }
@article{witten_source_1990,  title = {Source models for natural language text},  volume = {32},  issn = {0020-7373},  doi = {10.1016/S0020-7373(05)80033-1},  pages = {545--579},  number = {5},  journaltitle = {International Journal of Man-Machine Studies},  author = {Witten, Ian H. and Bell, Timothy C.},  date = {1990-05-01},  }
@article{wortley_how_2005,  title = {How much data are needed to resolve a difficult phylogeny? {Case} study in lamiales},  volume = {54},  issn = {1063-5157},  doi = {10.1080/10635150500221028},  shorttitle = {How Much Data are Needed to Resolve a Difficult Phylogeny?},  pages = {697--709},  number = {5},  journaltitle = {Systematic Biology},  author = {Wortley, Alexandra H. and Rudall, Paula J. and Harris, David J. and Scotland, Robert W. and Linder, Peter},  date = {2005-10},  langid = {english}  }
@article{wright_bayesian_2014,  title = {Bayesian Analysis Using a Simple Likelihood Model Outperforms Parsimony for Estimation of Phylogeny from Discrete Morphological Data},  volume = {9},  issn = {1932-6203},  doi = {10.1371/journal.pone.0109210},  number = {10},  journaltitle = {{PLoS} {ONE}},  author = {Wright, April M. and Hillis, David M.},  date = {2014-10-03},  pmid = {25279853},  pmcid = {PMC4184849}  }
@article{wright_systematists_2019,  title = {A Systematist’s Guide to Estimating Bayesian Phylogenies From Morphological Data},  volume = {3},  doi = {10.1093/isd/ixz006},  number = {3},  journaltitle = {Insect Systematics and Diversity},  author = {Wright, April M.},  date = {2019-05-01}  }
@article{wu_computer-assisted_2020,  title = {Computer-Assisted Language Comparison: State of the Art},  volume = {6},  rights = {cc\_by\_4},  issn = {2059481X},  url = {https://openhumanitiesdata.metajnl.com/article/10.5334/johd.12/},  shorttitle = {Computer-Assisted Language Comparison},  pages = {1--14},  number = {2},  journaltitle = {Journal of Open Humanities Data},  author = {Wu, Mei-Shin and Schweikhard, Nathanael E. and Bodt, Timotheus A. and Hill, Nathan W. and List, Johann-Mattis},  urldate = {2020-12-16},  date = {2020-05-22},  note = {Number: 2 Publisher: Ubiquity Press},    }
@article{yanovich_phylogenetic_2020,  title = {Phylogenetic linguistic evidence and the {Dene-Yeniseian} homeland},  doi = {10.1075/dia.17038.yan},  author = {Yanovich, Igor},  date = {2020-07-15},  langid = {english},  }
@article{yule_mathematical_1925,  title = {A mathematical theory of evolution, based on the conclusions of {Dr. J. C. Willis, F. R. S}},  volume = {213},  issn = {0264-3960, 2053-9266},  doi = {10.1098/rstb.1925.0002},  pages = {21--87},  number = {402},  journaltitle = {Philosophical Transactions of the Royal Society of London B: Biological Sciences},  shortjournal = {Phil. Trans. R. Soc. Lond. B},  author = {Yule, G. Udny},  date = {1925-01-01}  }
@article{zheng_new_2009,  title = {New multivariate tests for phylogenetic signal and trait correlations applied to ecophysiological phenotypes of nine {Manglietia} species},  volume = {23},  copyright = {© 2009 The Authors. Journal compilation © 2009 British Ecological Society},  issn = {1365-2435},  doi = {10.1111/j.1365-2435.2009.01596.x},  language = {en},  number = {6},  journal = {Functional Ecology},  author = {Zheng, Li and Ives, Anthony R. and Garland, Theodore and Larget, Bret R. and Yu, Yang and Cao, Kunfang},  year = {2009},  pages = {1059--1069},  }
@article{zhou_quantifying_2015,  title = {Quantifying uncertainty in the phylogenetics of {Australian} numeral systems},  volume = {282},  copyright = {© 2015 The Author(s). Published by the Royal Society. All rights reserved.},  issn = {0962-8452, 1471-2954},  doi = {10.1098/rspb.2015.1278},  language = {en},  number = {1815},  journal = {Proceedings of the Royal Society B},  author = {Zhou, Kevin and Bowern, Claire},  year = {2015},  pmid = {26378214},  pages = {20151278},  }
@book{austin_grammar_1981,  location = {Cambridge},  title = {A Grammar of Diyari, South Australia},  isbn = {0521228492 0068-676X},  series = {Cambridge studies in linguistics},  number = {32},  publisher = {Cambridge University Press},  author = {Austin, Peter},  date = {1981},    }
@book{baayen_analyzing_2008,  location = {Cambridge},  title = {Analyzing Linguistic Data},  subtitle = {A Practical Introduction to Statistics using {R}},  isbn = {978-0-511-38630-5},  publisher = {Cambridge University Press},  author = {Baayen, Harald},  date = {2008}  }
@book{baayen_word_2001,  title = {Word Frequency Distributions},  isbn = {978-0-7923-7017-8},  series = {Text, Speech and Language Technology},  publisher = {Springer Science+Business Media},  location = {Dordrecht, Netherlands},  author = {Baayen, R. Harald},  urldate = {2018-02-28},  date = {2001}  }
@book{barndorff-nielsen_inference_1994,  location = {London},  title = {Inference and Asymptotics},  isbn = {978-0-412-49440-6},  series = {Monographs on statistics and applied probability},  number = {52},  pagetotal = {360},  publisher = {Chapman \& Hall},  author = {Barndorff-Nielsen, Ole E. and Cox, David Roxbee},  date = {1994}  }
@book{bloomfield_language_1935,  location = {London},  title = {Language},  publisher = {Allen \& Unwin},  author = {Bloomfield, Leonard},  date = {1935},  }
@book{bowern_australian_2004,  location = {Amsterdam, Philadelphia},  title = {Australian Languages: Classification and the Comparative Method},  isbn = {9027247617 1588115127 0304-0763 ;},  series = {Amsterdam studies in the theory and history of linguistic science Series {IV}, Current issues in linguistic theory,},  number = {249},  publisher = {John Benjamins},  author = {Bowern, Claire and Koch, Harold James},  date = {2004},    }
@book{breen_grammar_2007,  location = {Canberra, {ACT}},  title = {The Grammar of Yalarnnga: A Language of Western Queensland},  isbn = {9780858835672 (pbk.)},  series = {Pacific linguistics},  number = {584},  publisher = {Pacific Linguistics},  author = {Breen, Gavan and Blake, Barry J.},  date = {2007},    }
@book{busby_distribution_1982,  title = {The Distribution of Phonemes in {Australian Aboriginal} Languages},  series = {Series A-60},  publisher = {Pacific Linguistics},  location = {Canberra},  number = {14},  author = {Busby, Peter A.},  date = {1982}  }
@book{bybee_morphology_1985,  address = {Amsterdam},  series = {Typological {Studies} in {Language}},  title = {Morphology: {A} {Study} of the {Relation} {Between} {Meaning} and {Form}},  isbn = {978-90-272-2878-9},  shorttitle = {Morphology},  language = {en},  number = {9},  publisher = {John Benjamins Publishing},  author = {Bybee, Joan L.},  year = {1985},    }
@book{campbell_historical_2004,  location = {Cambridge, {MA}},  title = {Historical linguistics: {An} introduction},  isbn = {978-0-262-53267-9},  shorttitle = {Historical Linguistics},  publisher = {{MIT} Press},  author = {Campbell, Lyle},  date = {2004},  langid = {english},  keywords = {Language Arts \& Disciplines / Linguistics / General}  }
@book{capell_new_1956,  location = {Sydney},  title = {A new approach to {Australian} linguistics},  publisher = {University of Sydney},  author = {Capell, Arthur},  date = {1956}  }
@book{darwin_descent_1871,  title = {The Descent of Man, and Selection in Relation to Sex},  isbn = {978-1-5336-8864-4},  publisher = {D. Appleton},  author = {Darwin, Charles},  date = {1871},  }
@book{darwin_origin_1859,  location = {London},  title = {On the Origin of Species by Means of Natural Selection},  publisher = {J. Murray},  author = {Darwin, Charles},  date = {1859}  }
@book{dixon_australian_2002,  location = {Cambridge},  title = {{Australian} languages: Their nature and development},  isbn = {978-0-521-47378-1},  series = {Cambridge language surveys},  shorttitle = {{Australian} languages},  publisher = {Cambridge University Press},  author = {Dixon, R. M. W.},  date = {2002},    }
@book{dixon_languages_1980,  location = {Cambridge/New York},  title = {The Languages of Australia},  isbn = {0521223296 0521294509 (pbk.)},  series = {Cambridge language surveys},  pagetotal = {xxii, 547 p.},  publisher = {Cambridge University Press},  author = {Dixon, Robert M. W.},  date = {1980},    }
@book{dixon_languages_1980,  location = {Cambridge},  title = {The languages of {Australia}},  isbn = {978-0-521-29450-8},  series = {Cambridge Language Surveys},  publisher = {Cambridge University Press},  author = {Dixon, R. M. W.},  date = {1980},    }
@book{dresher_contrastive_2009,  location = {Cambridge},  title = {The contrastive hierarchy in phonology},  publisher = {Cambridge University Press},  author = {Dresher, B. Elan},  date = {2009}  }
@book{dryer_wals_2013,  address = {Leipzig},  title = {{WALS} Online},  publisher = {Max Planck Institute for Evolutionary Anthropology},  editor = {Dryer, Matthew S. and Haspelmath, Martin},  year = {2013}  }
@book{durie_comparative_1996,  title = {The Comparative Method Reviewed: {Regularity} and Irregularity in Language Change},  isbn = {978-0-19-506607-4},  pagetotal = {330},  publisher = {Oxford University Press},  location = {New York},  author = {Durie, Mark and Ross, Malcolm},  date = {1996-05-16}  }
@book{eddington_spanish_2004,  location = {Amsterdam},  title = {Spanish Phonology and Morphology: Experimental and quantitative perspectives},  publisher = {John Benjamins},  author = {Eddington, David},  date = {2004},  }
@book{estoup_gammes_1916,  title = {Gammes Sténographiques},  subtitle = {Méthode et exercices pour l'acquisition de la vitesse},  pagetotal = {151},  publisher = {Institut Sténographique},  location = {Paris},  author = {Estoup, J. B.},  date = {1916},  langid = {french}  }
@book{evans_grammar_1995,  location = {Berlin},  title = {A Grammar of Kayardild: With Historical-Comparative Notes on Tangkic},  isbn = {3-11-012795-4},  series = {Mouton grammar library},  number = {15},  publisher = {Mouton de Gruyter},  author = {Evans, Nicholas},  date = {1995},    }
@book{evans_non-pama-nyungan_2003,  location = {Canberra},  title = {The Non-Pama-Nyungan Languages of Northern Australia: Comparative Studies of the Continent's Most Linguistically Complex Region},  isbn = {0-85883-538-X},  series = {Pacific Linguistics},  number = {552},  publisher = {Pacific Linguistics},  author = {Evans, Nicholas},  date = {2003},    }
@book{foley_papuan_1986,  title = {The Papuan languages of New Guinea},  url = {https://books.google.com.au/books?hl=en&lr=&id=KCATREJERGoC&oi=fnd&pg=PR10&dq=the+papuan+languages+of+new+guinea+foley&ots=Dyz0l5zJNK&sig=AEI1ZciaIeS5NxhTLx4c9vO3tGE},  publisher = {Cambridge University Press},  author = {Foley, William A.},  urldate = {2016-11-08},  date = {1986},    }
@book{goldsmith_autosegmental_1990,  location = {Oxford, {UK}/Cambridge, {MA}},  title = {Autosegmental and Metrical Phonology},  isbn = {0-631-13675-4 0-631-13676-2},  publisher = {B. Blackwell},  author = {Goldsmith, John A.},  date = {1990},    }
@book{gordon_phonological_2016,  location = {New York},  title = {Phonological Typology},  isbn = {978-0-19-966901-1},  pagetotal = {378},  publisher = {Oxford University Press},  author = {Gordon, Matthew K.},  date = {2016},  }
@book{gordon_phonological_2016,  location = {Oxford},  title = {Phonological Typology},  isbn = {978-0-19-966901-1},  series = {Oxford Surveys in Phonology and Phonetics},  number = {1},  publisher = {Oxford University Press},  author = {Gordon, Matthew K.},  date = {2016},  langid = {english},    }
@book{gould_urchin_1987,  location = {New York},  edition = {1st},  title = {An Urchin in the Storm: Essays About Books and Ideas},  isbn = {0-393-02492-X},  publisher = {W.W. Norton},  author = {Gould, Stephen Jay},  date = {1987},    }
@book{grey_journals_1841,  title = {Journals of Two Expeditions of Discovery in North-west and Western Australia: During the Years 1837, 38, and 39, Under the Authority of Her Majesty's Government. Describing Many Newly Discovered, Important, and Fertile Districts, with Observations on the Moral and Physical Condition of the Aboriginal Inhabitants, \&c., \&c},  shorttitle = {Journals of Two Expeditions of Discovery in North-west and Western Australia},  publisher = {T. and W. Boone},  author = {Grey, Sir George},  date = {1841},  note = {Google-Books-{ID}: C1vRAAAAMAAJ}  }
@book{hammarstrom_glottolog_2020,  location = {Jena},  title = {Glottolog 4.2.1},  url = {https://glottolog.org/ accessed 2020-09-17},  publisher = {Max Planck Institute for the Science of Human History},  author = {Hammarström, Harald and Forkel, Robert and Haspelmath, Martin and Bank, Sebastian},  urldate = {2020-09-17},  date = {2020},  doi = {10.5281/zenodo.3754591}  }
@book{heath_linguistic_1978,  title = {Linguistic Diffusion in Arnhem Land},  publisher = {Australian Institute of Aboriginal Studies},  author = {Heath, Jeffrey},  date = {1978},  note = {Google-Books-{ID}: {IYdkAAAAMAAJ}}  }
@book{ito_syllable_1988,  location = {New York},  title = {Syllable Theory in Prosodic Phonology},  isbn = {0-8240-5189-0},  series = {Outstanding dissertations in linguistics},  publisher = {Garland},  author = {Itō, Junko},  date = {1988},    }
@book{klokeid_thargari_1969,  location = {Canberra},  title = {Thargari Phonology and Morphology. Pacific Linguistics, Series B-12},  publisher = {Australian National University},  author = {Klokeid, Terry J.},  date = {1969}  }
@book{koch_languages_2014,  title = {The Languages and Linguistics of Australia: A Comprehensive Guide},  isbn = {978-3-11-027977-1},  shorttitle = {The Languages and Linguistics of Australia},  publisher = {Walter de Gruyter {GmbH} \& Co {KG}},  author = {Koch, Harold and Nordlinger, Rachel},  date = {2014-08-19}  }
@book{kucera_computational_1967,  location = {Providence, {RI}},  edition = {1},  title = {Computational Analysis of Present Day {American English}},  isbn = {978-0-87057-105-3},  pagetotal = {424},  publisher = {Brown University Press},  author = {Kucera, Henry and Francis, W. Nelson and Carroll, John B. and Twaddell, W. F.},  date = {1967-06-01}  }
@book{lee_tiwi_1987,  location = {Canberra},  title = {Tiwi Today: A Study of Language Change in a Contact Situation},  isbn = {0858833662 {ISSN} 0078-7558 ;},  series = {Pacific linguistics Series C},  number = {no 96},  publisher = {Australian National University},  author = {Lee, Jennifer R.},  date = {1987},    }
@book{lyell_geological_1863,  title = {The Geological Evidences of the Antiquity of Man: With Remarks on Theories of the Origin of Species by Variation},  isbn = {978-0-598-01211-1},  shorttitle = {The Geological Evidences of the Antiquity of Man},  publisher = {John Murray},  author = {Lyell, Sir Charles},  date = {1863},  note = {Google-Books-{ID}: {mZEtAQAAMAAJ}}  }
@book{maddieson_patterns_1984,  location = {Cambridge},  title = {Patterns of Sounds},  isbn = {0-521-26536-3},  series = {Cambridge studies in speech science and communication},  publisher = {Cambridge University Press},  author = {Maddieson, Ian},  date = {1984},    }
@book{meillet_methode_1925,  location = {Paris},  title = {La méthode comparative en linguistique historique},  publisher = {Honoré Champion},  author = {Meillet, Antoine},  date = {1925}  }
@book{mielke_emergence_2008,  location = {Oxford},  title = {The Emergence of Distinctive Features},  isbn = {978-0-19-920791-6 0-19-920791-7 978-0-19-923337-3 0-19-923337-3},  series = {Oxford linguistics},  publisher = {Oxford University Press},  author = {Mielke, Jeff},  date = {2008},    }
@book{moorhouse_vocabulary_1846,  title = {A vocabulary, and outline of the grammatical structure of the Murray River language : spoken by the natives of South Australia, from Wellington on the Murray, as far as the Rufus},  url = {https://digital.library.adelaide.edu.au/dspace/handle/2440/24872},  shorttitle = {A vocabulary, and outline of the grammatical structure of the Murray River language},  publisher = {Andrew Murray},  author = {Moorhouse, Matthew},  urldate = {2020-09-09},  date = {1846},  note = {Accepted: 2007-02-08T02:42:15Z},    }
@book{moran_phoible_2019,  address = {Jena},  title = {{PHOIBLE} 2.0},  url = {https://phoible.org/},  publisher = {Max Planck Institute for the Science of Human History},  editor = {Moran, Steven and McCloy, Daniel},  year = {2019}  }
@book{moran_unicode_2018,  location = {Berlin},  title = {The {Unicode} cookbook for linguists: {Managing} writing systems using orthography profiles},  publisher = {Language Science Press},  author = {Moran, Steven and Cysouw, Michael},  date = {2018}  }
@book{muhlhausler_atlas_1996,  location = {Berlin},  title = {Atlas of Languages of Intercultural Communication in the Pacific, Asia, and the Americas: Vol I: Maps. Vol {II}: Texts},  isbn = {978-3-11-013417-9},  shorttitle = {Atlas of Languages of Intercultural Communication in the Pacific, Asia, and the Americas},  publisher = {De Gruyter},  author = {Mühlhäusler, Peter and Tryon, Darrell T and Wurm, Stephen A},  date = {1996}  }
@book{murdock_ethnographic_1967,  address = {Pittsburgh},  title = {Ethnographic Atlas},  publisher = {University of Pittsburgh Press},  author = {Murdock, George Peter},  year = {1967}  }
@book{nichols_linguistic_1992,  address = {Chicago},  title = {Linguistic Diversity in Space and Time},  isbn = {978-0-226-58056-2},  pagetotal = {388},  publisher = {University of Chicago Press},  author = {Nichols, Johanna},  year = {1992},  langid = {english},    }
@book{nunn_comparative_2011,  location = {Chicago},  title = {The comparative approach in evolutionary anthropology and biology},  publisher = {University of Chicago Press},  author = {Nunn, Charles L.},  date = {2011}  }
@book{orme_caper:_2013,  title = {{caper}: {Comparative} analyses of phylogenetics and evolution in {R}},  url = {https://CRAN.R-project.org/package=caper},  author = {Orme, David and Freckleton, Rob and Thomas, Gavin and Petzoldt, Thomas and Fritz, Susanne and Isaac, Nick and Pearse, Will},  date = {2013}  }
@book{osthoff_morphologische_1878,  location = {Leipzig},  title = {Morphologische Untersuchungen auf dem Gebiete der indogermanischen Sprachen},  volume = {1},  publisher = {Hirzel},  author = {Osthoff, Hermann and Brugmann, Karl},  date = {1878},    }
@book{pareto_cours_1897,  location = {Lausanne, France},  title = {Cours d'Economie Politique},  volume = {2},  publisher = {F. Rouge},  author = {Pareto, Vilfredo},  date = {1897}  }
@book{r_core_team_r:_2017,  location = {Vienna},  title = {{R}: {A} Language and Environment for Statistical Computing},  url = {https://www.R-project.org/},  publisher = {R Foundation for Statistical Computing},  author = {{R Core Team}},  date = {2017}  }
@book{schleicher_darwinsche_1863,  location = {Weimar},  title = {Die {Darwinsche} {Theorie} und die S{prachwissenschaft}: {Offenes} {Sendschreiben} an {Ernst Häckel}},  publisher = {H. Böhlau},  author = {Schleicher, August},  date = {1863},    }
@book{schmidt_gliederung_1919,  location = {Vienna},  title = {Die {Gliederung} Australischen {Sprachen}: Geographische, Bibliographische, Linguistische {Grundzüge} der {Erforschung} der Australischen {Sprachen}},  shorttitle = {Die {Gliederung} Australischen {Sprachen}},  publisher = {Druck und Verlag der Mechitharisten-Buchdruckerei},  author = {Schmidt, Wilhelm},  date = {1919}  }
@book{sharpe_alawa_1972,  location = {Canberra},  title = {Alawa Phonology and Grammar},  volume = {37},  isbn = {978-0-85575-012-1},  series = {Australian Aboriginal Studies 37, Linguistic Series 15},  publisher = {Australian Institute of Aboriginal Studies},  author = {Sharpe, Margaret C.},  date = {1972},    }
@book{siegel_nonparametric_1988,  location = {New York},  title = {Nonparametric statistics for the behavioural sciences},  publisher = {{McGraw}-Hill},  author = {Siegel, Sidney and Castellan, N. John},  date = {1988}  }
@book{thomason_language_1988,  location = {Berkeley},  title = {Language Contact, Creolization, and Genetic Linguistics},  isbn = {0-520-05789-9},  publisher = {University of California Press},  author = {Thomason, Sarah Grey and Kaufman, Terrence},  date = {1988},    }
@book{tryon_daly_1974,  title = {Daly Family Languages, {Australia}},  isbn = {978-0-85883-106-3},  publisher = {Department of Linguistics, Research School of Pacific Studies, The Australian National University},  author = {Tryon, Darrell T.},  date = {1974},  note = {Google-Books-{ID}: {AFpxAAAAIAAJ}}  }
@book{wang_lexicon_1977,  location = {The Hague},  title = {The lexicon in phonological change},  publisher = {Mouton},  author = {Wang, William S.-Y.},  date = {1977},    }
@book{whitworth_choice_1901,  location = {Cambridge},  title = {Choice and chance},  subtitle = {With 1,000 exercises},  publisher = {Deighton Bell and Company},  author = {Whitworth, William Allen},  urldate = {2018-03-06},  date = {1901},  }
@book{wilkinson_grammar_2005,  location = {New York},  title = {The Grammar of Graphics},  isbn = {9780387245447},  series = {Statistics and Computing},  publisher = {Springer},  author = {Wilkinson, Leland and Wills, Graham},  date = {2005}  }
@book{wurm_languages_1972,  location = {The Hague},  title = {Languages of {Australia} and {Tasmania}},  publisher = {Mouton},  author = {Wurm, Stephen A.},  date = {1972}  }
@book{wurm_papuan_1975,  location = {Canberra},  title = {Papuan languages and the New Guinea linguistic scene},  series = {Pacific linguistics. Series C ; no. 38},  publisher = {Deptof Linguistics, Research School of Pacific Studies, Australian National University},  author = {Wurm, S. A.},  date = {1975},    }
@book{zgraggen_comparative_1980,  location = {Canberra},  title = {A comparative word list of the {Northern Adelbert Range} Languages, {Mandang Province, Papua New Guinea}},  url = {https://clics.clld.org/contributions/zgraggenmadang},  publisher = {Pacific Linguistics},  author = {{Z'Graggen}, John A.},  date = {1980}  }
@book{zipf_human_1949,  location = {Reading, {MA}},  title = {Human Behavior and the Principle of Least Effort},  publisher = {Addison-Wesley},  author = {Zipf, George K.},  date = {1949}  }
@book{zipf_selective_1932,  location = {Cambridge, {MA}},  title = {Selective Studies and the Principle of Relative Frequency in Language},  publisher = {Harvard University Press},  author = {Zipf, George K.},  date = {1932}  }
@collection{bowern_australian_2004,  location = {Amsterdam},  title = {{Australian} languages: {Classification} and the comparative method},  isbn = {978-90-272-4761-2},  series = {Current Issues in Linguistic Theory},  number = {249},  publisher = {John Benjamins},  editor = {Bowern, Claire and Koch, Harold},  date = {2004},  langid = {english}  }
@incollection{albert_species_2011,  title = {Species richness and cladal diversity},  isbn = {978-0-520-94850-1},  pages = {89--104},  booktitle = {Historical Biogeography of Neotropical Freshwater Fishes},  publisher = {University of California Press},  location = {Berkeley, {CA}},  author = {Albert, James S. and Bart, Jr., Henry J. and Reis, Roberto E.},  editor = {Albert, James S. and Reis, Roberto E.},  date = {2011-03-08}  }
@incollection{alpher_pama-nyungan:_2004,  location = {Amsterdam},  title = {{Pama-Nyungan}: {Phonological} reconstruction and status as a phylogenetic group},  isbn = {978-90-272-4761-2},  series = {Current Issues in Linguistic Theory},  pages = {93--126},  number = {249},  booktitle = {{Australian} Languages: {Classification} and the comparative method},  publisher = {John Benjamins Publishing Company},  author = {Alpher, Barry J.},  editor = {Bowern, Claire and Koch, Harold},  date = {2004},  langid = {english}  }
@incollection{andersen_synchrony_2006,  location = {Amsterdam},  title = {Synchrony, diachrony, and evolution},  isbn = {978-90-272-9319-0},  pages = {59--90},  booktitle = {Competing Models of Linguistic Change: Evolution and beyond},  publisher = {John Benjamins Publishing},  author = {Andersen, Henning},  editor = {Thomsen, Ole Nedergaard},  date = {2006-10-25},  note = {Google-Books-{ID}: {rQ}86AAAAQBAJ},    }
@incollection{baker_word_2014,  location = {Berlin},  title = {Word structure in {Australian} languages},  isbn = {978-3-11-027977-1},  pages = {139--214},  booktitle = {The Languages and Linguistics of {Australia}: {A} Comprehensive Guide},  editor = {Koch, Harold and Nordlinger, Rachel},  publisher = {De Gruyter Mouton},  author = {Baker, Brett},  date = {2014-08},  doi = {10.1515/9783110279771.139}  }
@incollection{bakker_language_2011,  address = {Oxford},  title = {Language sampling},  booktitle = {The {Oxford} {Handbook} of {Linguistic} {Typology}},  publisher = {Oxford University Press},  author = {Bakker, Dik},  editor = {Song, Jae Jung},  year = {2011},  pages = {100--127}  }
@incollection{bell_language_1978,  address = {Stanford, California},  title = {Language samples},  volume = {1},  pages = {123--156},  booktitle = {Universals of Human Language},  publisher = {Stanford University Press},  author = {Bell, Alan},  editor = {Greenberg, Joseph H.},  year = {1978}  }
@incollection{birdsell_recalibration_1977,  location = {London},  title = {The recalibration of a paradigm for the first peopling of greater Australia.},  pages = {113--167},  booktitle = {Sunda and {Sahul}: Prehistoric studies in Southeast Asia, Melanesia and Australia},  publisher = {Academic Press},  author = {Birdsell, J. B.},  editor = {Allen, Jim and Golson, Jack and Jones, Rhys},  date = {1977}  }
@incollection{blust_why_2000,  location = {Cambridge},  title = {Why lexicostatistics doesn't work: {The} 'universal constant' hypothesis and the {Austronesian} languages},  volume = {2},  isbn = {1902937139 (v.1) 1902937147 (v.2) 1902937066 (set) 1461-331X},  pages = {31--332},  booktitle = {Time Depth in Historical Linguistics},  publisher = {{McDonald} Institute for Archaeological Research},  author = {Blust, Robert},  editor = {Renfrew, Colin and {McMahon}, April M. S. and Trask, R. L.},  date = {2000},    }
@incollection{breen_taps_1997,  location = {Canberra},  title = {Taps, stops \& trills},  pages = {71--93},  booktitle = {Boundary Rider: Essays in Honour of Geoffrey O’Grady},  publisher = {Pacific Linguistics},  author = {Breen, Gavan},  editor = {Tryon, Darrell T. and Walsh, Michael},  date = {1997}  }
@incollection{breen_wonders_2001,  location = {Canberra},  title = {The wonders of {Arandic} phonology},  series = {Pacific Linguistics},  pages = {45--69},  number = {512},  booktitle = {Forty years on: Ken Hale and Australian languages},  publisher = {Pacific Linguistics},  author = {Breen, Gavan},  editor = {Simpson, Jane and Nash, David and Laughren, Mary and Austin, Peter and Alpher, Barry},  date = {2001}  }
@incollection{butcher_australian_2006,  location = {New York},  title = {{Australian Aboriginal} languages: {Consonant-salient} phonologies and the place-of-articulation imperative},  isbn = {1841694371 (hardback alk. paper) 9781841694375 (hardback alk. paper)},  pages = {187--210},  booktitle = {Speech Production: Models, Phonetic Processes, and Techniques},  publisher = {Psychology Press},  author = {Butcher, Andy},  editor = {Harrington, Jonathan and Tabain, Marija},  date = {2006},    }
@incollection{capell_history_1979,  location = {Canberra, Australia},  title = {The history of {Australian} languages: A first approach},  volume = {C54},  pages = {419--619},  booktitle = {Australian Linguistic Studies},  publisher = {Pacific Linguistics},  author = {Capell, Arthur},  editor = {Wurm, Stephen Adolphe},  date = {1979}  }
@incollection{crowley_mpakwithi_1981,  location = {Amsterdam},  title = {The {Mpakwithi} Dialect of {Anguthimri}},  volume = {2},  pages = {147--196},  booktitle = {Handbook of {Australian} Languages},  publisher = {John Benjamins},  author = {Crowley, Terry},  editor = {Dixon, R. M. W. and Blake, Barry},  date = {1981}  }
@incollection{cysouw_probability_2009,  address = {Berlin},  title = {On the probability distribution of typological frequencies},  booktitle = {The mathematics of language},  publisher = {Springer},  author = {Cysouw, Michael},  editor = {Ebert, Christian and Jäger, Gerhard and Michaelis, Jens},  year = {2009},  pages = {29--35}  }
@incollection{de_villemereuil_general_2014,  location = {Berlin},  title = {General Quantitative Genetic Methods for Comparative Biology},  isbn = {978-3-662-43550-2},  pages = {287--303},  booktitle = {Modern Phylogenetic Comparative Methods and Their Application in Evolutionary Biology: {Concepts} and Practice},  publisher = {Springer},  author = {de Villemereuil, Pierre and Nakagawa, Shinichi},  editor = {Garamszegi, László Z.},  date = {2014},  doi = {10.1007/978-3-662-43550-2_11}  }
@incollection{dixon_languages_1970,  location = {Canberra},  title = {Languages of the Cairns Rain Forest Region},  volume = {13},  series = {Pacific Linguistics: Series C},  pages = {651--687},  booktitle = {Pacific linguistic studies in honour of Arthur Capell},  publisher = {Research School of Pacific and Asian Studies, Australian National University},  author = {Dixon, R. M. W.},  editor = {Wurm, Stephen A. and Laycock, Donald C.},  date = {1970}  }
@incollection{dresher_main_2005,  location = {Amsterdam},  title = {Main stress left in early {Middle English}},  isbn = {978-90-272-9477-7},  pages = {76--85},  booktitle = {International Conference on Historical Linguistics ({ICHL})},  publisher = {John Benjamins},  author = {Dresher, B. Elan and Lahiri, Aditi},  editor = {Fortescue, Michael and Mogensen, Jens E. and Schøsler, Lene},  date = {2005-01},  langid = {english},  doi = {10.1075/cilt.257}  }
@incollection{dunn_language_2015,  location = {New York},  title = {Language phylogenies},  isbn = {978-1-317-74324-8},  series = {Routledge handbooks in linguistics},  pages = {190--211},  booktitle = {The Routledge handbook of historical linguistics},  publisher = {Routledge},  author = {Dunn, Michael},  editor = {Bowern, Claire and Evans, Bethwyn},  date = {2015},  keywords = {Handbooks, manuals, etc, Historical linguistics}  }
@incollection{evans_cradle_1997,  location = {Melbourne},  title = {The cradle of the {Pama-Nyungans}: {Archaeological} and linguistic speculations},  isbn = {0-19-553728-9 0-19-550670-7},  pages = {385--417},  booktitle = {Archaeology and linguistics: Aboriginal Australia in global perspective},  publisher = {Oxford University Press},  author = {Evans, Nicholas},  editor = {{McConvell}, Patrick and Evans, Nicholas},  date = {1997},    }
@incollection{evans_enigma_1998,  location = {London},  title = {The enigma of {Pama-Nyungan} expansion in {Australia}},  series = {Archaeology and Language},  pages = {174--191},  number = {{II}},  booktitle = {Correlating archaeological and linguistic hypotheses},  publisher = {Routledge},  author = {Evans, Nicholas and {McConvell}, Patrick},  editor = {Blench, Roger and Spriggs, Matthew},  date = {1998}  }
@incollection{evans_minkin_1990,  address = {Canberra},  title = {The {Minkin} language of the {Bourketown} region},  booktitle = {Studies in comparative {Pama}-{Nyungan}},  publisher = {Pacific Linguistics},  author = {Evans, Nicholas},  editor = {O'Grady, G. N. and Tryon, D. T.},  year = {1990},  pages = {173--207}  }
@incollection{fletcher_sound_2014,  location = {Boston},  title = {Sound patterns of {Australian} languages},  isbn = {9783110279696 (hardback)},  series = {The World of Linguistics},  pages = {91--138},  number = {3},  booktitle = {The Languages and Linguistics of Australia: A Comprehensive Guide},  publisher = {De Gruyter Mouton},  author = {Fletcher, Janet and Butcher, Andrew},  editor = {Koch, Harold and Nordlinger, Rachel},  date = {2014},    }
@incollection{good_statistics_1969,  location = {Oxford},  edition = {1},  title = {Statistics of language},  isbn = {978-0-08-012337-0},  booktitle = {Encyclopaedia of linguistics, information, and control},  publisher = {Pergamon Press},  author = {Good, I. J.},  editor = {Meetham, A. R. and Hudson, Richard A.},  date = {1969},  pages = {567--580}  }
@incollection{harvey_comparisons_1982,  address = {Cambridge},  title = {Comparisons between taxa and adaptive trends: problems of methods},  shorttitle = {Comparisons between taxa and adaptive trends},  pages = {343--361},  booktitle = {Current Problems in Sociobiology},  publisher = {Cambridge University Press},  author = {Harvey, Paul H. and Mace, Georgina M.},  editor = {{King's College Sociobiology Group, Cambridge}},  year = {1982},  }
@incollection{heggarty_interdisciplinary_2006,  location = {Cambridge},  title = {Interdisciplinary indiscipline? {Can} phylogenetic methods meaningfully be applied to language data—and to dating language},  isbn = {978-1-902937-33-5 1-902937-33-3},  series = {{McDonald} Institute monographs},  pages = {183--194},  booktitle = {Phylogenetic Methods and the Prehistory of Languages},  publisher = {{McDonald} Institute for Archaeological Research},  author = {Heggarty, Paul},  editor = {Forster, Peter and Renfrew, Colin},  date = {2006},    }
@incollection{hockett_problem_1963,  location = {Cambridge, {MA}},  title = {The problem of universals in language},  pages = {1--29},  booktitle = {Universals of language},  publisher = {{MIT} Press},  author = {Hockett, Charles F.},  editor = {Greenberg, Joseph},  date = {1963}  }
@incollection{holden_rapid_2006,  location = {Cambridge},  title = {Rapid Radiation, Borrowing and Dialect Continua in the Bantu Languages},  pages = {9--31},  booktitle = {Phylogenetic methods and the prehistory of languages},  publisher = {{McDonald} Institute for Archaeological Research},  author = {Holden, Clare J and Gray, Russell D},  editor = {Forster, Peter and Renfrew, Colin},  date = {2006},    }
@incollection{kang_loanword_2011,  address = {Oxford},  title = {Loanword phonology},  volume = {IV},  booktitle = {The {Blackwell} companion to phonology},  publisher = {Wiley-Blackwell},  author = {Kang, Yoonjung},  editor = {Van Oostendorp, Marc and Ewen, Colin J. and Hume, Elizabeth and Rice, Keren},  date = {2011},  pages = {2258--2282}  }
@incollection{kiparsky_formal_2018,  location = {Berlin},  title = {Formal and empirical issues in phonological typology},  pages = {54--106},  booktitle = {Phonological typology},  publisher = {De Gruyter Mouton},  author = {Kiparsky, Paul},  editor = {Hyman, Larry M. and Plank, Frans},  date = {2018}  }
@incollection{koch_historical_2014,  location = {Berlin},  title = {Historical relations among the {Australian} languages: {Genetic} classification and contact-based diffusion},  isbn = {978-3-11-027977-1},  shorttitle = {2. Historical relations among the {Australian} languages},  pages = {23--90},  booktitle = {The Languages and Linguistics of {Australia}: {A} Comprehensive Guide},  editor = {Koch, Harold and Nordlinger, Rachel},  publisher = {De Gruyter Mouton},  author = {Koch, Harold},  date = {2014},  doi = {10.1515/9783110279771.23}  }
@incollection{koch_languages_2014,  location = {Berlin},  title = {The languages of {Australia} in linguistic research: {Context} and issues},  isbn = {9783110279696 (hardback)},  series = {The world of linguistics},  pages = {3--21},  number = {3},  booktitle = {The languages and linguistics of Australia: A comprehensive guide},  publisher = {Mouton de Gruyter},  author = {Koch, Harold and Nordlinger, Rachel},  editor = {Koch, Harold and Nordlinger, Rachel},  date = {2014},    }
@incollection{koch_methodological_2004,  location = {Amsterdam},  title = {A methodological history of {Australian} linguistic classification},  isbn = {978-90-272-4761-2 978-1-58811-512-6 978-90-272-9511-8},  series = {Current Issues in Linguistic Theory},  pages = {17--59},  number = {249},  booktitle = {Australian Languages: Classification and the comparative method},  publisher = {John Benjamins Publishing Company},  author = {Koch, Harold},  editor = {Bowern, Claire and Koch, Harold},  date = {2004},    }
@incollection{memmott_fission_2016,  address = {Amsterdam},  title = {Fission, fusion and syncretism: linguistic and environmental changes amongst the {Tangkic} people of the southern {Gulf} of {Carpentaria}, northern {Australia}},  shorttitle = {Fission, fusion and syncretism},  url = {https://doi.org/10.1075/clu.18.06mem},  booktitle = {Land and {Language} in {Cape} {York} {Peninsula} and the {Gulf} {Country}. {Culture} and {Language} {Use}},  publisher = {John Benjamins},  author = {Memmott, Paul and Round, Erich R. and Rosendahl, Daniel and Ulm, Sean},  editor = {Verstraete, Jean-Christophe and Hafner, Diane},  year = {2016},  pages = {105--136}  }
@incollection{nichols_sprung_1997,  location = {Melbourne},  title = {Sprung from two common sources: {Sahul} as a linguistic area},  booktitle = {Archaeology and linguistics: {Aboriginal} {Australia} in global perspective},  publisher = {Oxford University Press},  author = {Nichols, Johanna},  editor = {{McConvell}, Patrick and Evans, Nicholas},  date = {1997}  }
@incollection{ogrady_coherence_2004,  location = {Amsterdam/Philadelphia},  title = {The coherence and distinctiveness of the Pama-Nyungan language family within the Australian linguistic phylum},  isbn = {1-58811-512-7},  series = {Current Issues in Linguistic Theory},  pages = {69--92},  number = {249},  booktitle = {Australian Languages: Classification and the Comparative Method},  publisher = {John Benjamins},  author = {O'Grady, Geoffrey N. and Hale, Kenneth L.},  editor = {Bowern, Claire and Koch, Harold James},  date = {2004}  }
@incollection{ogrady_preliminaries_1979,  location = {Canberra, Australia},  title = {Preliminaries to a Proto Nuclear Pama-Nyungan Stem List},  pages = {107--139},  booktitle = {Australian linguistic studies},  publisher = {Pacific Linguistics},  author = {O'Grady, Geoffrey N.},  editor = {Wurm, Stephen Adolphe},  date = {1979},  note = {Google-Books-{ID}: 7IfZtAEACAAJ}  }
@incollection{perkins_covariation_1988,  address = {Amsterdam},  title = {The covariation of culture and grammar},  isbn = {978-90-272-2891-8},  booktitle = {Studies in Syntactic Typology},  publisher = {John Benjamins Publishing},  author = {Perkins, Revere D.},  editor = {Hammond, Michael and Moravcsik, Edith A. and Wirth, Jessica R.},  year = {1988},  langid = {english},    }
@incollection{reesink_systematic_2012,  location = {Honolulu},  title = {Systematic typological comparison as a tool for investigating language history},  series = {Language Documentation \& Conservation Special Publication},  pages = {34--71},  number = {5},  booktitle = {Melanesian languages on the edge of Asia: Challenges for the 21st Century},  publisher = {University of Hawai'i Press},  author = {Reesink, Ger and Dunn, Michael},  editor = {Evans, Nicholas and Klamer, Marian},  date = {2012},  langid = {english},  file = {Reesink and Dunn - Systematic typological comparison as a tool for in.pdf:/Users/jaydencordes/Zotero/storage/EMAWQ76I/Reesink and Dunn - Systematic typological comparison as a tool for in.pdf:application/pdf}  }
@incollection{round_phonemic_2019,  location = {Jena, Germany},  title = {Phonemic inventories of {Australia} (database of 392 languages)},  booktitle = {{PHOIBLE} 2.0},  publisher = {Max Planck Institute for the Science of Human History},  author = {Round, Erich R.},  editor = {Moran, Steven and {McCloy}, Daniel},  doi = {10.5281/zenodo.3464333},  url = {https://phoible.org/contributors/ER},  date = {2019}  }
@incollection{round_phonotactics_2021,  location = {Oxford},  title = {Phonotactics in {Australian} languages},  booktitle = {Oxford Handbook of {Australian} languages},  publisher = {Oxford University Press},  author = {Round, Erich R.},  editor = {Bowern, Claire},  date = {2021}  }
@incollection{round_segment_2021,  location = {Oxford},  title = {Segment inventories in {Australian} languages},  booktitle = {Oxford Handbook of {Australian} languages},  publisher = {Oxford University Press},  author = {Round, Erich R.},  editor = {Bowern, Claire},  date = {2021}  }
@incollection{van_der_hulst_phonological_2017,  location = {Cambridge},  title = {Phonological typology},  pages = {39--77},  booktitle = {The {Cambridge} Handbook of Linguistic Typology},  publisher = {Cambridge University Press},  author = {Van der Hulst, Harry},  editor = {Aikhenvald, Alexandra Y. and Dixon, R. M. W.},  date = {2017}  }
@incollection{weiss_comparative_2014,  location = {London},  title = {The comparative method},  series = {Routledge Handbooks in Linguistics},  pages = {127--145},  booktitle = {The Routledge Handbook of Historical Linguistics},  publisher = {Routledge},  author = {Weiss, Michael},  editor = {Bowern, Claire and Evans, Bethwyn},  date = {2014},  doi = {10.4324/9781315794013.ch4}  }
@inproceedings{barford_generating_1998,  location = {New York},  title = {Generating Representative Web Workloads for Network and Server Performance Evaluation},  isbn = {978-0-89791-982-1},  doi = {10.1145/277851.277897},  pages = {151--160},  booktitle = {Measurement and Modeling of Computer Systems ({SIGMETRICS})},  publisher = {Association for Computing Machinery {(ACM)}},  author = {Barford, Paul and Crovella, Mark},  date = {1998},  }
@inproceedings{bowern_pama-nyungan_2015,  location = {Leiden University, Leiden, Netherlands},  title = {{Pama-Nyungan} phylogenetics and beyond [plenary address]},  doi = {10.5281/zenodo.3032846},  eventtitle = {Lorentz Center workshop on phylogenetic methods in linguistics},  booktitle = {Lorentz Center workshop on phylogenetic methods in linguistics},  author = {Bowern, Claire},  date = {2015}  }
@inproceedings{bowern_standard_2017,  location = {Australian National University, Canberra, Australia},  title = {{Standard Average Australian?}},  doi = {10.5281/zenodo.1104222},  booktitle = {{Association for Linguistic Typology} ({ALT})},  author = {Bowern, Claire},  date = {2017-12-12}  }
@inproceedings{cho_friendship_2011,  location = {New York},  title = {Friendship and mobility},  subtitle = {User movement in location-based social networks},  isbn = {978-1-4503-0813-7},  doi = {10.1145/2020408.2020579},  pages = {1082--1090},  booktitle = {Knowledge Discovery and Data Mining {(SIGKDD)}},  publisher = {Association for Computing Machinery {(ACM)}},  author = {Cho, Eunjoon and Myers, Seth A. and Leskovec, Jure},  date = {2011}  }
@inproceedings{coleman_stochastic_1997,  location = {Somerset, {NJ}},  title = {Stochastic phonological grammars and acceptability},  url = {http://arxiv.org/abs/cmp-lg/9707017},  pages = {49--56},  booktitle = {Computational Phonology: The Third Meeting of the {ACL} Special Interest Group in Computational Phonology},  publisher = {Association for Computational Linguistics},  author = {Coleman, John and Pierrehumbert, Janet},  date = {1997},  eprinttype = {arxiv},  eprint = {cmp-lg/9707017},    }
@inproceedings{cysouw_towards_2007,  location = {Leipsig, Germany},  title = {Towards a comprehensive Languoid Catalog},  url = {http://cysouw.de/home/presentations_files/cysouwCATALOGUE_slides.pdf},  eventtitle = {Language Catalogue Meeting},  booktitle = {Language Catalogue Meeting},  author = {Cysouw, Michael and Good, Jeff},  urldate = {2019-12-11},  date = {2007-06-28},  langid = {english}  }
@inproceedings{dockum_phylogeny_2018,  location = {New York},  title = {Phylogeny in phonology: {How} {Tai} sound systems encode their past},  doi = {10.3765/amp.v5i0.4238},  shorttitle = {Phylogeny in Phonology},  eventtitle = {Annual Meeting on Phonology ({AMP}-2017)},  booktitle = {Annual Meeting on Phonology ({AMP})},  publisher = {Linguistic Society of America},  author = {Dockum, Rikker},  date = {2018-02-10},  keywords = {computational phylogenetics, historical linguistics, historical phonology, {Kra-Dai} languages, phylogenetic signal, {tai} languages}  }
@inproceedings{downey_structural_2001,  title = {The structural cause of file size distributions},  doi = {10.1109/MASCOT.2001.948888},  pages = {361--370},  booktitle = {Modeling, Analysis and Simulation of Computer and Telecommunication Systems ({MASCOTS})},  location = {Cincinnati, {OH}},  author = {Downey, A. B.},  date = {2001},  }
@inproceedings{evolang12,  Author = {Steven Moran and Annemarie Verkerk},  Booktitle = {The Evolution of Language: Proceedings of the 12th International Conference (EVOLANGXII)},  Editor = {C. Cuskley and M. Flaherty and H. Little and Luke McCrohon and A. Ravignani and T. Verhoef},  Publisher = {NCU Press},  location = {Torun, Poland},  DOI={10.12775/3991-1.077},  url={http://evolang.org/torun/proceedings/papertemplate.html?p=98},  Title = {Differential rates of change in consonant and vowel systems},  Year = {2018}}
@inproceedings{faloutsos_power-law_1999,  location = {New York},  title = {On power-law relationships of the Internet topology},  isbn = {978-1-58113-135-2},  doi = {10.1145/316188.316229},  pages = {251--262},  booktitle = {Applications, Technologies, Architectures, and Protocols for Computer Communication ({SIGCOMM})},  publisher = {Association for Computing Machinery {(ACM)}},  author = {Faloutsos, Michalis and Faloutsos, Petros and Faloutsos, Christos},  date = {1999},  }
@inproceedings{gasser_revisiting_2014,  location = {University of Massachusetts, Amherst},  title = {Revisiting phonotactic generalizations in {Australian} languages},  rights = {Copyright (c)},  doi = {10.3765/amp.v1i1.17},  eventtitle = {Phonology 2013},  booktitle = {Annual Meeting on Phonology ({AMP})},  publisher = {Linguistic Society of America},  author = {Gasser, Emily and Bowern, Claire},  date = {2014-03},  langid = {english},  keywords = {{Australian} languages, neutralization, phoneme inventories, typology}  }
@inproceedings{jager_inferring_2016,  location = {New Orleans},  title = {Inferring the world tree of languages from word lists},  url = {http://www.sfs.uni-tuebingen.de/~gjaeger/publications/evolangWorldTreeProceedings.pdf},  pages = {8},  booktitle = {The Evolution of Language: Proceedings of the 11th International Conference on the Evolution of Language ({EvoLang} {XI})},  author = {Jäger, Gerhard and Wichmann, Søren},  editor = {Roberts, Seán G. and Cuskley, Christine and {McCrohon}, Luke and Barceló-Coblijn, Lluís and Olga, Feher and Verhoef, Tessa},  date = {2016},  langid = {english},    }
@inproceedings{moran_differential_2018,  title = {Differential rates of change in consonant and vowel systems},  url = {http://evolang.org/torun/proceedings/papertemplate.html?p=98},  doi = {10.12775/3991-1.077},  booktitle = {The Evolution of Language ({EVOLANGXII})},  publisher = {{NCU} Press},  author = {Moran, Steven and Verkerk, Annemarie},  editor = {Cuskley, C. and Flaherty, M. and Little, H. and {McCrohon}, Luke and Ravignani, A. and Verhoef, T.},  date = {2018}  }
@inproceedings{rama_are_2018,  location = {New Orleans},  title = {Are Automatic Methods for Cognate Detection Good Enough for Phylogenetic Reconstruction in Historical Linguistics?},  doi = {10.18653/v1/N18-2063},  eventtitle = {2018 Conference of the {North American} Chapter of the Association for Computational Linguistics},  pages = {393--400},  booktitle = {{North American} Chapter of the {Association for Computational Linguistics} ({ACL}): {Human} Language Technologies, Volume 2 (Short Papers)},  publisher = {Association for Computational Linguistics},  author = {Rama, Taraka and List, Johann-Mattis and Wahle, Johannes and Jäger, Gerhard},  date = {2018-06}  }
@inproceedings{round_ausphon-lexicon_2017,  location = {Poznań, Poland},  title = {The {AusPhon-Lexicon} project: 2 million normalized segments across 300 {Australian} languages},  booktitle = {47th Poznań Linguistic Meeting},  url = {http://wa.amu.edu.pl/plm_old/2017/files/abstracts/PLM2017_Abstract_Round.pdf},  author = {Round, Erich R.},  date = {2017-09-18}  }
@inproceedings{round_continent-wide_2017,  location = {Australian National University, Canberra, Australia},  title = {Continent-wide, full-lexicon typology overturns our view of the Australian laminal contrast},  booktitle = {12th Conference of the Association of Linguistic Typology},  author = {Round, Erich R.},  date = {2017-12-14},  langid = {english},  }
@inproceedings{round_design_2015,  location = {Helsinki, Finland},  title = {On the design, in practice, of typological microvariables},  rights = {Creative Commons Attribution-{NonCommercial}-{NoDerivatives} 4.0 International License ({CC}-{BY}-{NC}-{ND})},  booktitle = {New Developments in the Quantitative Study of Languages},  author = {Round, Erich R. and Macklin-Cordes, Jayden L.},  date = {2015-08-29},    }
@inproceedings{salesky_corpus_2020,  location = {Online},  title = {A Corpus for Large-Scale Phonetic Typology},  url = {https://www.aclweb.org/anthology/2020.acl-main.415},  doi = {10.18653/v1/2020.acl-main.415},  eventtitle = {{ACL} 2020},  pages = {4526--4546},  booktitle = {Proceedings of the 58th Annual Meeting of the Association for Computational Linguistics},  publisher = {Association for Computational Linguistics},  author = {Salesky, Elizabeth and Chodroff, Eleanor and Pimentel, Tiago and Wiesner, Matthew and Cotterell, Ryan and Black, Alan W and Eisner, Jason},  date = {2020-07},    }
@inproceedings{verkerk_phylogenetic_2017,  address = {Australian National University, Canberra, Australia},  title = {Phylogenetic comparative methods for typologists ({Focusing} on families and regions: {A} plea for using phylogenetic comparative methods in linguistic typology)},  booktitle = {Quantitative {Analysis} in {Typology}: {The} logic of choice among methods (workshop at the 12th {Conference} of the {Association} for {Linguistic} {Typology}},  author = {Verkerk, Annemarie},  year = {2017}  }
@inproceedings{wurm_aboriginal_1963,  location = {Melbourne},  title = {{Aboriginal} languages: {The} present state of knowledge},  pages = {127--148},  booktitle = {{Australian} {Aboriginal} studies: {A} symposium of papers presented at the 1961 research conference},  publisher = {Oxford University Press},  author = {Wurm, Stephen A.},  editor = {Shiels, Helen},  date = {1963}  }
@Manual{chang_shiny_2018,  title = {{shiny}: {Web }Application Framework for{ R}},  author = {Chang, Winston and Cheng, Joe and Allaire, J. J. and Xie, Yihui and {McPherson}, Jonathan},  date = {2018},  note = {R package version 1.2.0},  url = {https://CRAN.R-project.org/package=shiny},  }
@Manual{r-core-team_r_2017,  title = {R},  subtitle = {A Language and Environment for Statistical Computing},  author = {{R Core Team}},  organization = {R Foundation for Statistical Computing},  address = {Vienna, Austria},  year = {2017},  url = {https://www.R-project.org/},  }
@misc{australian_government_department_of_infrastructure_transport_regional_development_and_communications_national_2020,  title = {National {Indigenous} Languages Report},  url = {https://www.arts.gov.au/what-we-do/indigenous-arts-and-languages/national-indigenous-languages-report},  publisher = {Australian Government},  author = {{Australian Government Department of Infrastructure, Transport, Regional Development and Communications} and Battin, Jacqueline and Lee, Jason and Marmion, Douglas E. and Smith, Rhonda and Wang, Tandee and Dinku, Yonatan and Hunt, Janet and Markham, Francis and Angelo, Denise and Browne, Emma and Kral, Inge and O'Shannessy, Carmel and Simpson, Jane and Smith, Hilary},  urldate = {2020-09-07},  date = {2020}  }
@misc{bowern_pama-nyungan_2018,  title = {{Pama-Nyungan} cognate judgements: 285 languages},  url = {10.5281/zenodo.1318310},  author = {Bowern, Claire},  date = {2018-07}  }
@misc{round_australian_2019,  title = {{Australian} phonemic inventories contributed to {PHOIBLE} 2.0: Essential explanatory notes},  url = {doi:10.5281/zenodo.3464333},  publisher = {Zenodo},  author = {Round, Erich R.},  date = {2019}  }
@misc{wichmann_asjp_2020,  title = {The {ASJP} database (version 19)},  url = {https://asjp.clld.org/},  editor = {Wichmann, Søren and Holman, Eric W. and Brown, Cecil H.},  date = {2020}  }
@phdthesis{kenny_numerical_1975,  address = {Bloomington},  type = {Ph.{D}. thesis},  title = {A numerical taxonomy of ethnic units using {Murdock}'s 1967 world sample.},  url = {https://elibrary.ru/item.asp?id=7109468},  school = {Indiana University},  author = {Kenny, James Andrew},  year = {1975},  }
@phdthesis{perkins_evolution_1980,  address = {Buffalo, New York},  type = {Ph.{D}. thesis},  title = {The {Evolution} of {Culture} and {Grammar}},  school = {State University of New York},  author = {Perkins, Revere D.},  year = {1980},    }
@thesis{becker-kristal_acoustic_2010,  type = {Ph.{D}. {Dissertation}},  title = {Acoustic typology of vowel inventories and {Dispersion} {Theory}: {Insights} from a large cross-linguistic corpus},  school = {University of California},  location = {Los Angeles, {CA}},  author = {Becker-Kristal, Roy},  year = {2010},  file = {Snapshot:/Users/uqeround/Zotero/storage/S2SV2BFR/861321787.html:text/html}  }
@thesis{crawford_adaptation_2009,  type = {Ph.{D}. {Dissertation}},  title = {Adaptation and transmission in {Japanese} loanword phonology},  url = {https://hdl.handle.net/1813/13947},  school = {Cornell University},  location = {Ithaca, {NY}},  author = {Crawford, Clifford James},  year = {2009}  }
@thesis{gaby_grammar_2006,  location = {Melbourne, Australia},  title = {A Grammar of Kuuk Thaayorre},  institution = {University of Melbourne},  type = {phdthesis},  author = {Gaby, Alice},  date = {2006},    }
@thesis{goddard_grammar_1985,  location = {Alice Springs, N.T.},  title = {A grammar of Yankunytjatjara},  institution = {Australian National University},  type = {Thesis (Ph. D.)},  author = {Goddard, Cliff and Goddard, Cliff},  date = {1985},    }
@thesis{hamilton_phonetic_1996,  location = {Toronto},  title = {Phonetic Constraints and Markedness in the Phonotactics of Australian Aboriginal Languages},  institution = {University of Toronto},  type = {thesis},  author = {Hamilton, Philip James},  date = {1996}  }
@thesis{hamilton_phonetic_1996,  location = {Toronto},  title = {Phonetic constraints and markedness in the phonotactics of {Australian} {Aboriginal} languages},  institution = {University of Toronto},  type = {thesis},  author = {Hamilton, Philip J.},  date = {1996},    }
@thesis{moran_phonetics_2012,  address = {Seattle},  type = {Ph.{D}. {Dissertation}},  title = {Phonetics information base and lexicon},  school = {University of Washington},  author = {Moran, Steven},  year = {2012}  }
@thesis{proctor_gestural_2009,  address = {New Haven},  type = {Ph.{D}. {Dissertation}},  title = {Gestural characterization of a phonological class: {The} liquids},  school = {Yale University},  location = {New Haven},  author = {Proctor, Michael Ian},  year = {2009}  }
@thesis{van_egmond_enindhilyakwa_2012,  title = {Enindhilyakwa Phonology, Morphosyntax and Genetic Position},  institution = {University of Sydney},  type = {phdthesis},  author = {Van Egmond, Marie-Elaine},  date = {2012}  }
@thesis{wilkins_mparntwe_1989,  location = {Canberra},  title = {{Mparntwe Arrernte (Aranda)} : studies in the structure and semantics of grammar},  rights = {http://legaloffice.weblogs.anu.edu.au/content/copyright/},  url = {https://openresearch-repository.anu.edu.au/handle/1885/9908},  shorttitle = {Mparntwe Arrernte (Aranda)},  institution = {Australian National University},  type = {phdthesis},  author = {Wilkins, David P.},  urldate = {2020-12-19},  date = {1989},  note = {Accepted: 2013-04-29T04:49:11Z Last Modified: 2020-05-19 Publisher: The Australian National University},    }
@thesis{zuraw_patterned_2000,  title = {Patterned Exceptions in Phonology},  institution = {University of California},  location = {Los Angeles},  type = {dissertation},  author = {Zuraw, Kie R.},  date = {2000},  }
@unpublished{blench_new_2015,  location = {Nijmegen, Netherlands},  title = {'New mathematical methods' in linguistics constitute the greatest intellectual fraud in the discipline since Chomsky},  author = {Blench, Roger},  date = {2015}  }
@unpublished{hudson_walmajarri_1993,  location = {Canberra},  title = {{Walmajarri} Dictionary},  type = {wordlist},  url = {aseda.aiatsis.gov.au},  note = {{ASEDA} No. 167},  author = {Hudson, Joyce and Richards, Eirlys},  date = {1993}  }
@unpublished{miceli_where_nodate,  title = {Where have all the sound changes gone? On the scarcity of regular sound change in Australia [manuscript]},  type = {unpublished manuscript},  howpublished = {unpublished manuscript},  author = {Miceli, Luisa and Round, Erich R.}  }
@unpublished{nash_mudburra_1988,  location = {Canberra},  title = {Mudburra wordlist},  rights = {Open access for downloading},  url = {http://aiatsis.gov.au/sites/default/files/catalogue_resources/0031_access.zip},  type = {word list},  institution = {Australian Institute of Aboriginal and Torres Strait Islander Studies, Australian Indigenous Languages Collection},  eprint = {{ASEDA} 0031},  author = {Nash, David and {McConvell}, Patrick and Capell, Arthur and Hale, Ken and Sutton, Peter and Rose, Deborah Bird and Wafer, Jim},  date = {1988}  }