@book{mcentee_adna-mat-na_1992,
	location = {Adelaide},
	title = {Adna-mat-na English dictionary},
	pagetotal = {125},
	publisher = {the authors},
	author = {{McEntee}, John and {McKenzie}, Pearl},
	date = {1992},
	options = {skipbib=true}
}

@unpublished{crowley_mbakwithi_1989,
	location = {Canberra},
	title = {Mbakwithi vocabulary},
	rights = {Open access for reading and copying in accordance with copyright. Contact {AIATSIS} Library},
	type = {word list},
	author = {Crowley, Terry},
	date = {1989},
	institution = {Australian Institute of Aboriginal and Torres Strait Islander Studies, Australian Indigenous Languages Collection},
	eprint = {ASEDA 0240},
	options = {skipbib=true}
}

@unpublished{marmion_badimaya_1995,
	location = {Canberra},
	title = {Badimaya dictionary},
	rights = {Open access for reading and copying in accordance with copyright. Contact {AIATSIS} Library},
	type = {word list},
	author = {Marmion, Doug},
	date = {1995},
	institution = {Australian Institute of Aboriginal and Torres Strait Islander Studies, Australian Indigenous Languages Collection},
	eprint = {ASEDA 0615},
	options = {skipbib=true}
}

@online{hamilton_pakanh_1997,
	title = {Pakanh Alphabetical Search Index},
	url = {http://www.oocities.org/athens/delphi/2970/pakalpha.htm},
	titleaddon = {Oykangand and Olkola Dictionary},
	author = {Hamilton, Philip},
	date = {1997},
	options = {skipbib=true}
}

@book{breen_bidyara_1973,
	location = {Melbourne},
	title = {Bidyara and Gungabula Grammar and Vocabulary},
	volume = {8},
	isbn = {0-909835-15-2},
	series = {Linguistic Communications},
	pagetotal = {227},
	publisher = {Monash University},
	author = {Breen, Gavan},
	date = {1973},
	options = {skipbib=true}
}

@book{meakins_bilinarra_2013,
	location = {Batchelor, {NT}, Australia},
	title = {Bilinarra to English dictionary},
	isbn = {978-1-74131-271-3},
	pagetotal = {264},
	publisher = {Batchelor Press},
	author = {Meakins, Felicity and Campbell, Lauren and Nordlinger, Rachel and {McConvell}, Patrick and Spence, Justin and Jones, Caroline and Charola, Erika and Wightman, Glenn Mitchell},
	date = {2013},
	options = {skipbib=true}
}

@unpublished{terrill_biri_1999,
	location = {Canberra},
	title = {Biri lexicons},
	rights = {Open access for downloading},
	url = {http://aiatsis.gov.au/sites/default/files/catalogue_resources/0700_access.zip},
	type = {word list},
	author = {Terrill, Angela},
	date = {1999},
	institution = {Australian Institute of Aboriginal and Torres Strait Islander Studies, Australian Indigenous Languages Collection},
	eprint = {ASEDA 0700},
	options = {skipbib=true}
}

@unpublished{breen_bularnu_1988,
	location = {Canberra},
	title = {Bularnu grammar and vocabulary machine-readable files},
	rights = {Open access for downloading},
	url = {http://aiatsis.gov.au/sites/default/files/catalogue_resources/0007_access.zip},
	type = {word list},
	author = {Breen, Gavan},
	date = {1988},
	institution = {Australian Institute of Aboriginal and Torres Strait Islander Studies, Australian Indigenous Languages Collection},
	eprint = {ASEDA 0007},
	options = {skipbib=true}
}

@thesis{bell_sketch_2003,
	location = {Melbourne},
	title = {A sketch grammar of the Badjala language of Gari (Fraser Island)},
	rights = {Open access - reading. Partial copying \&​ use. Not for Inter-Library Loan.},
	abstract = {Based on a fresh transcription and analysis of taped language material collected by Professor Stephen Wurm in the 1950s and 1960s from Gaiarbau; relationship to surrounding languages/​dialects discussed; phonology; nominals and parts of speech; verb morphology; syntax; Appendix 1 contains transcribed sentences from Wurm's tapes of Gaiarbau, and field notes, as well as material contained in Holmer 1983; Appendix 2 is a Badjala to English wordlist.},
	institution = {University of Melbourne},
	type = {M.A. Thesis},
	author = {Bell, Jeanie},
	date = {2003},
	options = {skipbib=true}
}

@unpublished{zorc_yolngu_2004,
	location = {Canberra},
	title = {Yolngu Matha dictionary},
	rights = {Open},
	url = {http://aiatsis.gov.au/sites/default/files/catalogue_resources/0778_Access.zip},
	type = {word list},
	author = {Zorc, R. David},
	editora = {Bowern, Claire},
	editoratype = {collaborator},
	date = {2004},
	institution = {Australian Institute of Aboriginal and Torres Strait Islander Studies, Australian Indigenous Languages Collection},
	eprint = {ASEDA 0778},
	options = {skipbib=true}
}

@book{terrill_dharumbal:_2002,
	location = {Canberra},
	title = {Dharumbal: the language of Rockhampton, Australia},
	isbn = {0-85883-462-6},
	series = {Pacific Linguistics},
	pagetotal = {108},
	number = {525},
	publisher = {Pacific Linguistics},
	author = {Terrill, Angela},
	date = {2002},
	doi = {10.15144/PL-525},
	options = {skipbib=true}
}

@unpublished{wunungmurra_dhalwangu_1993,
	location = {Canberra},
	title = {Dhalwangu dictionary},
	rights = {Open access for reading and copying in accordance with copyright. Contact {AIATSIS} Library},
	type = {word list},
	author = {Wunungmurra, Djarrayang},
	date = {1993},
	institution = {Australian Institute of Aboriginal and Torres Strait Islander Studies, Australian Indigenous Languages Collection},
	eprint = {ASEDA 0502},
	options = {skipbib=true}
}

@book{austin_grammar_1981,
	location = {Cambridge; New York},
	title = {A Grammar of Diyari, South Australia},
	isbn = {0-521-22849-2},
	series = {Cambridge Studies in Linguistics},
	pagetotal = {269},
	number = {32},
	publisher = {Cambridge University Press},
	author = {Austin, Peter K.},
	date = {1981},
	options = {skipbib=true}
}

@unpublished{robertson_jaabugay_1997,
	location = {Canberra},
	title = {Jaabugay dictionary},
	rights = {Open access for reading and copying in accordance with copyright. Contact {AIATSIS} Library},
	type = {word list},
	author = {Robertson, Sue and Sommer, Bruce A.},
	date = {1997},
	institution = {Australian Institute of Aboriginal and Torres Strait Islander Studies, Australian Indigenous Languages Collection},
	eprint = {ASEDA 0013},
	options = {skipbib=true}
}

@incollection{morphy_djapu_1983,
	location = {Amsterdam},
	title = {Djapu, A Yolngu Dialect},
	volume = {3},
	isbn = {0-7081-1215-3},
	volumes = {5},
	pages = {1--188},
	booktitle = {Handbook of Australian Languages},
	publisher = {John Benjamins},
	author = {Morphy, Frances},
	editor = {Dixon, R. M. W. and Blake, Barry},
	date = {1983},
	options = {skipbib=true}
}

@unpublished{waters_djinang_1988,
	location = {Canberra},
	title = {Djinang dictionary},
	rights = {Permission from {SIL} required. Contact {AIATSIS} Library},
	type = {word list},
	author = {Waters, Bruce E.},
	date = {1988},
	institution = {Australian Institute of Aboriginal and Torres Strait Islander Studies, Australian Indigenous Languages Collection},
	eprint = {ASEDA 0009},
	options = {skipbib=true}
}

@book{kite_duungidjawu_2004,
	location = {Canberra},
	title = {The Duungidjawu language of southeast Queensland: grammar, texts and vocabulary},
	isbn = {978-0-85883-550-4},
	series = {Pacific Linguistics},
	pagetotal = {298},
	number = {553},
	publisher = {Pacific Linguistics},
	author = {Kite, Suzanne and Wurm, Stephen A.},
	date = {2004},
	doi = {10.15144/PL-553},
	options = {skipbib=true}
}

@book{dixon_dyirbal_1972,
	location = {Cambridge},
	title = {The Dyirbal Language of North Queensland},
	isbn = {978-0-521-08510-6},
	publisher = {Cambridge University Press},
	author = {Dixon, R. M. W.},
	date = {1972},
	options = {skipbib=true}
}

@book{ash_gamilaraay_2003,
	location = {Alice Springs, {NT}, Australia},
	title = {Gamilaraay, Yuwaalaraay \& Yuwaalayaay Dictionary},
	isbn = {1-86465-051-6},
	pagetotal = {344},
	publisher = {{IAD} Press},
	author = {Ash, Anna and Giacon, John and Lissarrague, Amanda},
	date = {2003},
	options = {skipbib=true}
}

@unpublished{terrill_biri_1999,
	location = {Canberra},
	title = {Biri lexicons},
	rights = {Open access for downloading},
	url = {http://aiatsis.gov.au/sites/default/files/catalogue_resources/0700_access.zip},
	type = {word list},
	author = {Terrill, Angela},
	date = {1999},
	institution = {Australian Institute of Aboriginal and Torres Strait Islander Studies, Australian Indigenous Languages Collection},
	eprint = {ASEDA 0700},
	options = {skipbib=true}
}

@book{crowley_middle_1978,
	location = {Canberra},
	title = {The Middle Clarence Dialects of Bandjalang},
	volume = {12},
	series = {Research and regional studies},
	publisher = {Australian Institute of Aboriginal Studies},
	author = {Crowley, Terry},
	date = {1978},
	options = {skipbib=true}
}

@incollection{sutton_gugu-badhun_1973,
	location = {Sydney},
	title = {Gugu-Badhun and its neighbours},
	pages = {24--67},
	booktitle = {Gugu-Badhun and its neighbours: a linguistic salvage study},
	publisher = {Macquarie University},
	author = {Sutton, Peter John},
	date = {1973},
	options = {skipbib=true}
}

@book{murrbay_aboriginal_and_culture_cooperative_gumbaynggir_2001,
	location = {Canberra},
	title = {A Gumbaynggir language dictionary = Gumbayngirr bijarr jandaygam},
	shorttitle = {A Gumbaynggir language dictionary},
	pagetotal = {160},
	publisher = {Aboriginal Studies Press},
	author = {Murrbay Aboriginal \{and\} Culture Cooperative},
	date = {2001},
	options = {skipbib=true}
}

@incollection{breen_margany_1981,
	location = {Amsterdam},
	title = {Margany and Gunya},
	volume = {2},
	isbn = {978-90-272-7354-3 90-272-7354-5},
	pages = {275--394},
	booktitle = {Handbook of Australian Languages},
	publisher = {John Benjamins},
	author = {Breen, Gavan},
	editor = {Dixon, R. M. W. and Blake, Barry},
	date = {1981},
	options = {skipbib=true}
}

@unpublished{lowe_temporary_1976,
	location = {Milingimbi, {NT}, Australia},
	title = {Temporary Gupapuyngu dictionary},
	rights = {Closed access - Library Director's permission. Closed copying \&​ quotation Principal and/​or Depositor's permission. Not for Inter-Library Loan},
	pagetotal = {119},
	type = {word list},
	author = {Lowe, Beulah and Lowe, Beulah},
	date = {1976},
	options = {skipbib=true}
}

@book{meakins_gurindji_2013,
	location = {Batchelor, {NT}, Australia},
	title = {Gurindji to English dictionary},
	isbn = {978-1-74131-276-8},
	pagetotal = {596},
	publisher = {Batchelor Press},
	author = {Meakins, Felicity and {McConvell}, Patrick and Charola, Erika and {McNair}, Norman and {McNair}, Helen and Campbell, Lauren and Wightman, Glenn Mitchell},
	date = {2013},
	options = {skipbib=true}
}

@incollection{haviland_guugu_1979,
	location = {Amsterdam},
	title = {Guugu Yimidhirr},
	volume = {1},
	isbn = {978-90-272-0512-4},
	volumes = {5},
	pages = {26--180},
	booktitle = {Handbook of Australian Languages},
	publisher = {John Benjamins},
	author = {Haviland, John B.},
	editor = {Dixon, R. M. W. and Blake, Barry},
	date = {1979},
	options = {skipbib=true}
}

@unpublished{austin_guwamu_1980,
	location = {Cambridge, {MA}},
	title = {Guwamu vocabulary and English-Guwamu finder list},
	type = {word list},
	author = {Austin, Peter K.},
	date = {1980},
	options = {skipbib=true}
}

@incollection{tsunoda_jaru_1981,
	location = {Alice Springs, {NT}, Australia},
	title = {Jaru wordlist},
	rights = {Open access for reading and copying in accordance with copyright. Contact {AIATSIS} Library.},
	booktitle = {Sourcebook for Central Australian Languages},
	publisher = {Institute for Aboriginal Development},
	author = {Tsunoda, Tasaku},
	editor = {Nash, David},
	editora = {Menning, Kathleen and Hudson, Joyce and Cooling, G},
	editoratype = {collaborator},
	date = {1981},
	institution = {Australian Institute of Aboriginal and Torres Strait Islander Studies, Australian Indigenous Languages Collection},
	eprint = {ASEDA 0119},
	options = {skipbib=true}
}

@unpublished{austin_dictionary_nodate-1,
	location = {Canberra},
	title = {A dictionary of Jiwarli},
	rights = {Open},
	type = {word list},
	author = {Austin, Peter K.},
	institution = {Australian Institute of Aboriginal and Torres Strait Islander Studies, Australian Indigenous Languages Collection},
	eprint = {ASEDA 0435},
	options = {skipbib=true}
}

@unpublished{blake_kalkatungu_1990,
	location = {Canberra},
	title = {Kalkatungu vocabulary},
	rights = {Open access for reading and copying in accordance with copyright. Contact {AIATSIS} Library.},
	type = {word list},
	author = {Blake, Barry J.},
	date = {1990},
	institution = {Australian Institute of Aboriginal and Torres Strait Islander Studies, Australian Indigenous Languages Collection},
	eprint = {ASEDA 0205},
	options = {skipbib=true}
}

@unpublished{mckelson_studies_1989,
	title = {Studies in Karajarri},
	type = {grammatical sketch and dictionary},
	author = {{McKelson}, Kevin R.},
	date = {1989},
	options = {skipbib=true}
}

@unpublished{smythe_kariyarra_nodate,
	location = {Canberra},
	title = {Kariyarra wordlist},
	rights = {Open access for downloading},
	url = {http://aiatsis.gov.au/sites/default/files/catalogue_resources/0582_access.zip},
	type = {word list},
	author = {Smythe, Sue and Lockyer, Manny},
	editora = {Wangka Maya Pilbara Aboriginal Language Centre},
	editoratype = {collaborator},
	institution = {Australian Institute of Aboriginal and Torres Strait Islander Studies, Australian Indigenous Languages Collection},
	eprint = {ASEDA 0582},
	options = {skipbib=true}
}

@unpublished{ogrady_gardudjarra_1988,
	location = {Canberra},
	title = {Gardudjarra wordlist},
	rights = {Open access for downloading},
	url = {http://aiatsis.gov.au/sites/default/files/catalogue_resources/0067_access.zip},
	type = {word list},
	author = {O'Grady, Geoffrey N.},
	date = {1988},
	institution = {Australian Institute of Aboriginal and Torres Strait Islander Studies, Australian Indigenous Languages Collection},
	eprint = {ASEDA 0067},
	options = {skipbib=true}
}

@unpublished{sommer_koko_nodate,
	location = {Brisbane},
	title = {Koko Narr},
	author = {Sommer, Bruce A.},
	institution = {Fryer Library Bruce Sommer Collection},
	eprint = {UQFL476_b10f03_64, UQFL476_b10f03_65},
	options = {skipbib=true}
}

@unpublished{black_kokoberrin_2007,
	title = {The Kokoberrin and their languages},
	rights = {Open access - reading. Open copying for private study (in accordance with Copyright Act 1968), closed quotation. Not for Inter-Library Loan.},
	pagetotal = {107 + 41 leaves},
	author = {Black, Paul D. and Kokoberrin Tribal Aboriginal Corporation},
	date = {2007},
	institution = {Australian Institute of Aboriginal and Torres Strait Islander Studies, Australian Indigenous Languages Collection},
	eprint = {MS 4584},
	options = {skipbib=true}
}

@unpublished{smith_kugu_1989,
	location = {Canberra},
	title = {Kugu Nganchara},
	rights = {Depositor's permission required. Contact {AIATSIS} Library},
	type = {word list},
	author = {Smith, Ian and Johnson, Steve},
	date = {1989},
	institution = {Australian Institute of Aboriginal and Torres Strait Islander Studies, Australian Indigenous Languages Collection},
	eprint = {ASEDA 0021},
	options = {skipbib=true}
}

@unpublished{breen_kukatj_1991,
	location = {Canberra},
	title = {Kukatj Grammar machine-readable files},
	rights = {Open access for downloading},
	url = {http://aiatsis.gov.au/sites/default/files/catalogue_resources/0022_access.zip},
	type = {word list},
	author = {Breen, Gavan},
	date = {1991},
	institution = {Australian Institute of Aboriginal and Torres Strait Islander Studies, Australian Indigenous Languages Collection},
	eprint = {ASEDA 0022},
	options = {skipbib=true}
}

@unpublished{peile_basic_nodate,
	location = {Canberra},
	title = {A basic Kukatja to English dictionary},
	type = {word list},
	author = {Peile, Anthony Rex and Valiquette, Hilaire},
	institution = {Australian Institute of Aboriginal and Torres Strait Islander Studies, Australian Indigenous Languages Collection},
	eprint = {ASEDA 0504},
	options = {skipbib=true}
}

@book{hershberger_kuku-yalanji_1986,
	location = {Darwin},
	title = {Kuku-Yalanji Dictionary},
	volume = {7},
	isbn = {0-86892-238-2},
	series = {Work Papers of {SIL} - {AAIB}. Series B},
	pagetotal = {294},
	publisher = {Summer Institute of Linguistics, Australian Aborigines Branch},
	author = {Hershberger, Henry D. and Hershberger, Ruth},
	editora = {Summer Institute of Linguistics, Australian Aborigines Branch},
	editoratype = {collaborator},
	date = {1986},
	options = {skipbib=true}
}

@unpublished{dench_kurrama_nodate,
	location = {Canberra},
	title = {Kurrama},
	rights = {Open access for downloading},
	url = {http://aiatsis.gov.au/sites/default/files/catalogue_resources/0481_access.zip},
	type = {word list},
	author = {Dench, Alan C.},
	institution = {Australian Institute of Aboriginal and Torres Strait Islander Studies, Australian Indigenous Languages Collection},
	eprint = {ASEDA 0481},
	options = {skipbib=true}
}

@unpublished{black_kurtjar_1988,
	location = {Canberra},
	title = {Kurtjar Dictionary},
	rights = {Open access for reading and copying in accordance with copyright. Contact {AIATSIS} Library},
	type = {word list},
	author = {Black, Paul D. and Gilbert, Rolly},
	editora = {et al.},
	editoratype = {collaborator},
	date = {1988},
	institution = {Australian Institute of Aboriginal and Torres Strait Islander Studies, Australian Indigenous Languages Collection},
	eprint = {ASEDA 0026},
	options = {skipbib=true}
}

@unpublished{thompson_sand_1988,
	location = {Canberra},
	title = {"Sand Beach" language : an outline of Kuuku Ya'u and Umpila},
	rights = {Depositor's permission required. Contact {AIATSIS} Library},
	type = {word list},
	author = {Thompson, David A.},
	date = {1988},
	institution = {Australian Institute of Aboriginal and Torres Strait Islander Studies, Australian Indigenous Languages Collection},
	eprint = {ASEDA 0027},
	options = {skipbib=true}
}

@unpublished{hale_linngithigh_1999,
	location = {Canberra},
	title = {A Linngithigh vocabulary},
	rights = {Open access for reading and copying in accordance with copyright. Contact {AIATSIS} Library},
	type = {word list},
	author = {Hale, Kenneth},
	date = {1999},
	institution = {Australian Institute of Aboriginal and Torres Strait Islander Studies, Australian Indigenous Languages Collection},
	eprint = {ASEDA 0687},
	options = {skipbib=true}
}

@book{gargett_salvage_2011,
	location = {Canberra},
	title = {A salvage grammar of Malgana, the language of Shark Bay, Western Australia},
	isbn = {978-0-85883-632-7},
	series = {Pacific Linguistics},
	pagetotal = {102},
	number = {624},
	publisher = {Pacific Linguistics},
	author = {Gargett, Andrew},
	date = {2011},
	doi = {10.15144/PL-624},
	options = {skipbib=true}
}

@unpublished{hercus_maljangapa-wadigali_1989,
	location = {Canberra},
	title = {Maljangapa-Wadigali Vocabulary},
	url = {http://aiatsis.gov.au/sites/default/files/catalogue_resources/0246_access.zip},
	type = {word list},
	author = {Hercus, Luise A.},
	date = {1989},
	institution = {Australian Institute of Aboriginal and Torres Strait Islander Studies, Australian Indigenous Languages Collection},
	eprint = {ASEDA 0246},
	options = {skipbib=true}
}

@unpublished{mckelson_mangala_1989,
	location = {Canberra},
	title = {Mangala wordlist},
	rights = {Open access for downloading},
	url = {http://aiatsis.gov.au/sites/default/files/catalogue_resources/0220_access.zip},
	type = {word list},
	author = {{McKelson}, Kevin},
	date = {1989},
	institution = {Australian Institute of Aboriginal and Torres Strait Islander Studies, Australian Indigenous Languages Collection},
	eprint = {ASEDA 0220},
	options = {skipbib=true}
}

@incollection{breen_margany_1981,
	location = {Amsterdam},
	title = {Margany and Gunya},
	volume = {2},
	isbn = {978-90-272-7354-3 90-272-7354-5},
	pages = {275--394},
	booktitle = {Handbook of Australian Languages},
	publisher = {John Benjamins},
	author = {Breen, Gavan},
	editor = {Dixon, R. M. W. and Blake, Barry},
	date = {1981},
	options = {skipbib=true}
}

@book{dench_martuthunira_1995,
	location = {Canberra},
	title = {Martuthunira, a language of the Pilbara region of Western Australia},
	isbn = {0-85883-422-7},
	series = {Pacific Linguistics Series C},
	pagetotal = {406},
	number = {125},
	publisher = {Pacific Linguistics},
	author = {Dench, Alan C.},
	date = {1995},
	doi = {10.15144/PL-C125},
	options = {skipbib=true}
}

@unpublished{ogrady_mirniny_1988,
	location = {Canberra},
	title = {Mirniny wordlist},
	rights = {Open access for downloading},
	url = {http://aiatsis.gov.au/sites/default/files/catalogue_resources/0070_access.zip},
	type = {word list},
	author = {O'Grady, Geoffrey N. and Curr, Edward M.},
	date = {1988},
	institution = {Australian Institute of Aboriginal and Torres Strait Islander Studies, Australian Indigenous Languages Collection},
	eprint = {ASEDA 0070},
	options = {skipbib=true}
}

@unpublished{nash_mudburra_1988,
	location = {Canberra},
	title = {Mudburra wordlist},
	rights = {Open access for downloading},
	url = {http://aiatsis.gov.au/sites/default/files/catalogue_resources/0031_access.zip},
	type = {word list},
	author = {Nash, David and {McConvell}, Patrick and Capell, Arthur and Hale, Kenneth and Sutton, Peter and Rose, Deborah Bird and Wafer, Jim},
	date = {1988},
	institution = {Australian Institute of Aboriginal and Torres Strait Islander Studies, Australian Indigenous Languages Collection},
	eprint = {ASEDA 0031},
	options = {skipbib=true}
}

@book{oates_muruwari_1992,
	location = {Albury, {NSW}, Australia},
	title = {Muruwari (Moo-roo-warri) dictionary: words of an Aboriginal language of north-western New South Wales},
	isbn = {0-646-10667-8},
	shorttitle = {Muruwari dictionary},
	pagetotal = {97},
	publisher = {Graeme van Brummelen, produced with the assistance of the Australian Institute of Aboriginal and Torres Strait Islander Studies},
	author = {Oates, Lynette Frances},
	date = {1992},
	options = {skipbib=true}
}

@unpublished{glass_ngaanyatjarra_1988,
	location = {Canberra},
	title = {Ngaanyatjarra wordlist},
	rights = {Open access for downloading},
	url = {http://aiatsis.gov.au/sites/default/files/catalogue_resources/0033_access.zip},
	type = {word list},
	author = {Glass, Amee},
	date = {1988},
	institution = {Australian Institute of Aboriginal and Torres Strait Islander Studies, Australian Indigenous Languages Collection},
	eprint = {ASEDA 0033},
	options = {skipbib=true}
}

@book{wangka_maya_pilbara_aboriginal_language_centre_ngajumaya_2008,
	location = {South Hedland, {WA}, Australia},
	title = {Ngajumaya dictionary 2008},
	isbn = {1-921312-55-6},
	pagetotal = {16},
	publisher = {Wangka Maya Pilbara Aboriginal Language Centre},
	author = {{Wangka Maya Pilbara Aboriginal Language Centre}},
	date = {2008},
	options = {skipbib=true}
}

@unpublished{breen_ngamini_1967,
	location = {Canberra},
	title = {Ngamini material},
	rights = {Open access - reading Open copying, closed quotation Not for Inter-Library Loan},
	type = {field notes},
	author = {Breen, Gavan},
	date = {1967},
	institution = {Australian Institute of Aboriginal and Torres Strait Islander Studies, Australian Indigenous Languages Collection},
	eprint = {MS 117},
	options = {skipbib=true}
}

@unpublished{green_ngardily_1988,
	location = {Canberra},
	title = {Ngardily wordlist},
	rights = {Open access for downloading},
	url = {http://aiatsis.gov.au/sites/default/files/catalogue_resources/0034_access.zip},
	type = {word list},
	author = {Green, Thomas M.},
	date = {1988},
	institution = {Australian Institute of Aboriginal and Torres Strait Islander Studies, Australian Indigenous Languages Collection},
	eprint = {ASEDA 0034},
	options = {skipbib=true}
}

@unpublished{jones_ngarinman_2005,
	location = {Canberra},
	title = {Ngarinman vocabulary},
	rights = {Open access for reading and copying in accordance with copyright. Contact {AIATSIS} Library},
	type = {word list},
	author = {Jones, Caroline},
	date = {2005},
	institution = {Australian Institute of Aboriginal and Torres Strait Islander Studies, Australian Indigenous Languages Collection},
	eprint = {ASEDA 0796},
	options = {skipbib=true}
}

@unpublished{brown_ngarla-english_nodate,
	location = {Canberra},
	title = {Ngarla-English Dictionary (Interim), English-Ngarla wordlist},
	rights = {Open},
	type = {word list},
	author = {Brown, Alexander and Geytenbeek, Brian},
	institution = {Australian Institute of Aboriginal and Torres Strait Islander Studies, Australian Indigenous Languages Collection},
	eprint = {ASEDA 0060},
	options = {skipbib=true}
}

@unpublished{hale_ngarluma_1989,
	location = {Canberra},
	title = {Ngarluma wordlist},
	rights = {Open access for downloading},
	url = {http://aiatsis.gov.au/sites/default/files/catalogue_resources/0037_access.zip},
	type = {word list},
	author = {Hale, Kenneth},
	editora = {Thieberger, Nicholas},
	editoratype = {collaborator},
	date = {1989},
	institution = {Australian Institute of Aboriginal and Torres Strait Islander Studies, Australian Indigenous Languages Collection},
	eprint = {ASEDA 0037},
	options = {skipbib=true}
}

@book{breen_mayi_1981,
	location = {Canberra},
	title = {The Mayi Languages of the Queensland Gulf Country},
	isbn = {978-0-391-02269-0},
	series = {A.I.A.S. New Series},
	pagetotal = {238},
	number = {29},
	publisher = {Australian Institute of Aboriginal Studies},
	author = {Breen, Gavan},
	date = {1981},
	options = {skipbib=true}
}

@book{blevins_nhanda:_2001,
	location = {Honolulu},
	title = {Nhanda: an Aboriginal language of Western Australia},
	isbn = {0-8248-2375-3},
	series = {Oceanic linguistics special publication},
	pagetotal = {170},
	number = {30},
	publisher = {University of Hawai'i Press},
	author = {Blevins, Juliette},
	date = {2001},
	options = {skipbib=true}
}

@book{james_yan-nhangu_2003,
	location = {Milingimbi, {NT}, Australia},
	title = {Yan-nhangu Dictionary},
	isbn = {0-9751719-0-9},
	pagetotal = {34},
	publisher = {B. James},
	author = {James, Bentley},
	editora = {Baymarrwanga, Laurie and Gularrabanga, Rita and Djarrga, Mary and Nyambal, Rayba and Nyungunyungu, Margaret and Milingimbi School Literature Production Centre},
	editoratype = {collaborator},
	date = {2003},
	options = {skipbib=true}
}

@unpublished{bowern_nhirrpi_1999,
	title = {Nhirrpi vocabulary, Based on fieldnotes of S. A. Wurm},
	type = {word list},
	author = {Bowern, Claire},
	date = {1999},
	options = {skipbib=true}
}

@book{hercus_nukunu_1992,
	location = {Canberra},
	title = {A Nukunu dictionary},
	pagetotal = {51},
	publisher = {Department of Linguistics, Australian National University},
	author = {Hercus, Luise A.},
	date = {1992},
	options = {skipbib=true}
}

@book{burgman_nyamal_2007,
	location = {South Hedland, {WA}, Australia},
	title = {Nyamal dictionary: English-Nyamal finderlist and topical wordlist},
	isbn = {1-875946-52-7},
	shorttitle = {Nyamal dictionary},
	pagetotal = {59},
	publisher = {Wangka Maya Pilbara Aboriginal Language Centre},
	author = {Burgman, Albert},
	editora = {Wangka Maya Pilbara Aboriginal Language Centre},
	editoratype = {collaborator},
	date = {2007},
	options = {skipbib=true}
}

@book{geytenbeek_nyangumarta-english_1991,
	location = {Port Hedland, {WA}, Australia},
	title = {Nyangumarta-English dictionary (interim), with an English-Nyangumarta finder list},
	shorttitle = {Nyangumarta-English dictionary},
	pagetotal = {119},
	publisher = {Wangka Maya Pilbara Aboriginal Language Centre},
	author = {Geytenbeek, Brian and Geytenbeek, Helen and Wangka Maya Pilbara Aboriginal Language Centre},
	date = {1991},
	options = {skipbib=true}
}

@incollection{dixon_nyawaygi_1983,
	location = {Amsterdam},
	title = {Nyawaygi},
	volume = {3},
	isbn = {0-7081-1215-3},
	volumes = {5},
	pages = {431--531},
	booktitle = {Handbook of Australian Languages},
	publisher = {John Benjamins},
	author = {Dixon, R. M. W.},
	editor = {Dixon, R. M. W. and Blake, Barry J.},
	date = {1983},
	options = {skipbib=true}
}

@unpublished{sommer_ogh_nodate-1,
	location = {Brisbane},
	title = {Ogh Unydjan},
	author = {Sommer, Bruce A.},
	institution = {Fryer Library Bruce Sommer Collection},
	eprint = {UQFL476_b09f03_s05},
	options = {skipbib=true}
}

@online{hamilton_uw_1997,
	title = {Uw Olkola and Uw Oykangand Alphabetical Search Index},
	url = {http://www.oocities.org/athens/delphi/2970/olkola.htm},
	titleaddon = {Oykangand and Olkola Multimedia Dictionary},
	author = {Hamilton, Philip},
	date = {1997},
	options = {skipbib=true}
}

@online{hamilton_uw_1997,
	title = {Uw Olkola and Uw Oykangand Alphabetical Search Index},
	url = {http://www.oocities.org/athens/delphi/2970/olkola.htm},
	titleaddon = {Oykangand and Olkola Multimedia Dictionary},
	author = {Hamilton, Philip},
	date = {1997},
	options = {skipbib=true}
}

@unpublished{dench_panyjima_1991-1,
	location = {Canberra},
	title = {Panyjima},
	rights = {Open access for downloading},
	url = {http://aiatsis.gov.au/sites/default/files/catalogue_resources/0375_access.zip},
	type = {word list},
	author = {Dench, Alan C.},
	date = {1991},
	institution = {Australian Institute of Aboriginal and Torres Strait Islander Studies, Australian Indigenous Languages Collection},
	eprint = {ASEDA 0375},
	options = {skipbib=true}
}

@unpublished{austin_payungu_nodate,
	location = {Canberra},
	title = {Payungu - English Dictionary},
	rights = {Open},
	type = {word list},
	author = {Austin, Peter K.},
	institution = {Australian Institute of Aboriginal and Torres Strait Islander Studies, Australian Indigenous Languages Collection},
	eprint = {ASEDA 0394},
	options = {skipbib=true}
}

@book{hansen_pintupi/luritja_1992,
	location = {Alice Springs, {NT}, Australia},
	edition = {3},
	title = {Pintupi/Luritja dictionary},
	isbn = {0-949659-63-0},
	pagetotal = {267},
	publisher = {Institute for Aboriginal Development},
	author = {Hansen, Kenneth and Hansen, Lesley},
	date = {1992},
	options = {skipbib=true}
}

@unpublished{blake_pitta_1990,
	location = {Canberra},
	title = {Pitta Pitta wordlist},
	rights = {Access - Open access for reading and copying in accordance with copyright. Contact {AIATSIS} Library},
	type = {word list},
	author = {Blake, Barry J.},
	date = {1990},
	institution = {Australian Institute of Aboriginal and Torres Strait Islander Studies, Australian Indigenous Languages Collection},
	eprint = {ASEDA 0275},
	options = {skipbib=true}
}

@book{burgman_burduna_2007,
	location = {South Hedland, {WA}, Australia},
	title = {Burduna dictionary: English-Burduna wordlist and thematic wordlist},
	isbn = {1-921312-05-X},
	shorttitle = {Burduna dictionary},
	pagetotal = {86},
	publisher = {Wangka Maya Pilbara Aboriginal Language Centre},
	author = {Burgman, Albert},
	editora = {{Wangka Maya Pilbara Aboriginal Language Centre}},
	editoratype = {collaborator},
	date = {2007},
	options = {skipbib=true}
}

@incollection{heath_ritharngu_1976,
	location = {Canberra},
	title = {Ritharngu},
	isbn = {0-391-00695-9},
	series = {Linguistic series},
	pages = {285--287},
	number = {22},
	booktitle = {Grammatical categories in Australian languages},
	publisher = {Australian Institute of Aboriginal Studies},
	author = {Heath, Jeffrey},
	editor = {Dixon, Robert M. W.},
	date = {1976},
	options = {skipbib=true}
}

@unpublished{hercus_paakantyi_nodate,
	location = {Canberra},
	title = {Paakantyi dictionary},
	rights = {Open access for downloading},
	url = {http://aiatsis.gov.au/sites/default/files/catalogue_resources/0525_access.zip},
	type = {word list},
	author = {Hercus, Luise A.},
	institution = {Australian Institute of Aboriginal and Torres Strait Islander Studies, Australian Indigenous Languages Collection},
	eprint = {ASEDA 0525},
	options = {skipbib=true}
}

@book{foote_kuuk_1993,
	location = {Brisbane},
	title = {Kuuk Thaayorre dictionary : Thaayorre/English ; September, 1966-92},
	isbn = {1-875158-26-X},
	shorttitle = {Kuuk Thaayorre dictionary},
	pagetotal = {239},
	publisher = {Jolien Press},
	author = {Foote, Tom and Hall, Allen},
	date = {1993},
	options = {skipbib=true}
}

@unpublished{austin_dictionary_nodate-2,
	location = {Canberra},
	title = {A dictionary of Thalanyji},
	rights = {Open},
	type = {word list},
	author = {Austin, Peter K.},
	institution = {Australian Institute of Aboriginal and Torres Strait Islander Studies, Australian Indigenous Languages Collection},
	eprint = {ASEDA 0437},
	options = {skipbib=true}
}

@book{austin_dictionary_1992-1,
	location = {Bundoora, Victoria, Australia},
	title = {A dictionary of Tharrgari, Western Australia},
	isbn = {0-85816-847-2},
	pagetotal = {60},
	publisher = {La Trobe University},
	author = {Austin, Peter K.},
	date = {1992},
	options = {skipbib=true}
}

@book{fletcher_thanakupis_2007,
	location = {North Sydney, {NSW}, Australia},
	title = {Thanakupi's guide to language and culture: a Thaynakwith dictionary},
	isbn = {978-0-9803312-0-2},
	shorttitle = {Thanakupi's guide to language and culture},
	pagetotal = {144},
	publisher = {Jennifer Isaacs Arts \& Publishing},
	author = {Fletcher, Gloria Thancoupie},
	date = {2007},
	options = {skipbib=true}
}

@unpublished{ogrady_umpila_1988,
	location = {Canberra},
	title = {Umpila wordlist},
	rights = {Open access for downloading},
	url = {http://aiatsis.gov.au/sites/default/files/catalogue_resources/0094_access.zip},
	type = {word list},
	author = {O'Grady, Geoffrey N.},
	date = {1988},
	institution = {Australian Institute of Aboriginal and Torres Strait Islander Studies, Australian Indigenous Languages Collection},
	eprint = {ASEDA 0094},
	options = {skipbib=true}
}

@book{crowley_middle_1978,
	location = {Canberra},
	title = {The Middle Clarence Dialects of Bandjalang},
	volume = {12},
	series = {Research and regional studies},
	publisher = {Australian Institute of Aboriginal Studies},
	author = {Crowley, Terry},
	date = {1978},
	options = {skipbib=true}
}

@unpublished{hudson_walmajarri_1993,
	location = {Canberra},
	title = {Walmajarri Dictionary},
	rights = {Permission from Summer Institute of Linguistics required.},
	type = {word list},
	author = {Hudson, Joyce and Richards, Eirlys},
	date = {1993},
	institution = {Australian Institute of Aboriginal and Torres Strait Islander Studies, Australian Indigenous Languages Collection},
	eprint = {ASEDA 0167},
	options = {skipbib=true}
}

@unpublished{blyth_wangka_2001,
	location = {Canberra},
	title = {Wangka dictionary and grammar},
	rights = {Open access for downloading},
	url = {http://aiatsis.gov.au/sites/default/files/catalogue_resources/0709_access.zip},
	type = {word list},
	author = {Blyth, Noel},
	date = {2001},
	institution = {Australian Institute of Aboriginal and Torres Strait Islander Studies, Australian Indigenous Languages Collection},
	eprint = {ASEDA 0709},
	options = {skipbib=true}
}

@book{robertson_wangkumara_1985,
	location = {Sydney},
	title = {Wangkumara grammar and dictionary},
	pagetotal = {90},
	publisher = {Department of Technical and Further Education, Aboriginal Education Unit},
	author = {Robertson, Carol},
	date = {1985},
	options = {skipbib=true}
}

@unpublished{nash_preliminary_1984,
	location = {Canberra},
	title = {Preliminary Vocabulary of Warlmanpa},
	rights = {Open},
	type = {word list},
	author = {Nash, David and Hale, Kenneth and Breen, Gavan},
	date = {1984},
	institution = {Australian Institute of Aboriginal and Torres Strait Islander Studies, Australian Indigenous Languages Collection},
	eprint = {ASEDA 0049},
	options = {skipbib=true}
}

@unpublished{schwartz_walpiri_1996,
	title = {Walpiri draft dictionary},
	type = {dictionary},
	author = {Schwartz, Steve},
	date = {1996},
	options = {skipbib=true}
}

@unpublished{breen_warluwara_1990,
	location = {Canberra},
	title = {Warluwara grammar and wordlist},
	rights = {Open access for reading and copying in accordance with copyright. Contact {AIATSIS} Library},
	type = {word list},
	author = {Breen, Gavan},
	date = {1990},
	institution = {Australian Institute of Aboriginal and Torres Strait Islander Studies, Australian Indigenous Languages Collection},
	eprint = {ASEDA 0253},
	options = {skipbib=true}
}

@unpublished{eidwun_warnman_nodate,
	location = {Canberra},
	title = {Warnman Wordlist},
	rights = {Open access for downloading},
	url = {http://aiatsis.gov.au/sites/default/files/catalogue_resources/0334_Access.zip},
	type = {word list},
	author = {Wangka Maya Pilbara Aboriginal Language Centre},
	editora = {Eidwun, Pijuka and Miller, Minyawu and Taylor, Desmond and Taylor, Muuki and Taylor, Waka and Marsh, Jim},
	editoratype = {collaborator},
	institution = {Australian Institute of Aboriginal and Torres Strait Islander Studies, Australian Indigenous Languages Collection},
	eprint = {ASEDA 0334},
	options = {skipbib=true}
}

@incollection{dixon_wargamay_1981,
	location = {Amsterdam},
	title = {Wargamay},
	volume = {2},
	isbn = {0-7081-1212-9},
	volumes = {5},
	pages = {1--145},
	booktitle = {Handbook of Australian Languages},
	publisher = {John Benjamins},
	author = {Dixon, R. M. W.},
	editor = {Dixon, R. M. W. and Blake, Barry},
	date = {1981},
	options = {skipbib=true}
}

@unpublished{austin_dictionary_nodate-3,
	location = {Canberra},
	title = {A dictionary of Warriyangka},
	rights = {Open},
	type = {word list},
	author = {Austin, Peter K.},
	institution = {Australian Institute of Aboriginal and Torres Strait Islander Studies, Australian Indigenous Languages Collection},
	eprint = {ASEDA 0439},
	options = {skipbib=true}
}

@collection{mackman_wajarri_2012,
	location = {Geraldton, {WA}, Australia},
	title = {Wajarri dictionary: the language of the Murchison Region of Western Australia},
	isbn = {978-0-9775727-8-6},
	url = {http://www.bundiyarra.com.au/wajarriApp/},
	pagetotal = {249},
	publisher = {Irra Wangga Language Centre},
	editor = {Mackman, Doreen},
	editora = {Irra Wangga Language Centre and Yamaji Language Aboriginal Corporation},
	editoratype = {collaborator},
	urldate = {2018-07-23},
	date = {2012},
	options = {skipbib=true}
}

@book{hercus_wembawemba_1992,
	location = {Canberra},
	title = {Wembawemba dictionary},
	isbn = {0-646-10459-4},
	pagetotal = {116},
	publisher = {L.A. Hercus},
	author = {Hercus, Luise A.},
	date = {1992},
	options = {skipbib=true}
}

@book{breen_introductory_2000,
	location = {Alice Springs, {NT}, Australia},
	title = {Introductory dictionary of Western Arrernte},
	isbn = {0-949659-98-3},
	pagetotal = {120},
	publisher = {{IAD} Press},
	author = {Breen, Gavan},
	editora = {Pfitzner, John},
	editoratype = {collaborator},
	date = {2000},
	options = {skipbib=true}
}

@unpublished{breen_wakaya_2006,
	location = {Canberra},
	title = {Wakaya},
	rights = {Open access for downloading},
	url = {http://aiatsis.gov.au/sites/default/files/catalogue_resources/0047_access.zip},
	type = {word list},
	author = {Breen, Gavan},
	editora = {Menning, Kathy},
	editoratype = {collaborator},
	urldate = {2018-07-30},
	date = {2006},
	institution = {Australian Institute of Aboriginal and Torres Strait Islander Studies, Australian Indigenous Languages Collection},
	eprint = {ASEDA 0047},
	options = {skipbib=true}
}

@online{kilham_wik_2011,
	title = {Wik Mungkan-English Interactive Dictionary},
	url = {http://ausil.org/Dictionary/Wik-Mungkan/lexicon/mainintro.htm},
	titleaddon = {{AuSIL} Interactive Dictionary Series A-6},
	author = {Kilham, Christine and Pamulkan, Mabel and Pootchemunka, Jennifer and Wolmby, Topsy},
	editora = {Grimes, Charles E. and Lecompte, Maarten},
	editoratype = {collaborator},
	urldate = {2018-07-26},
	date = {2011},
	options = {skipbib=true}
}

@book{hercus_grammar_1999,
	location = {Canberra},
	title = {A Grammar of the Wirangu Language from the West Coast of South Australia},
	series = {Pacific Linguistics Series C},
	pagetotal = {239},
	number = {150},
	publisher = {Pacific Linguistics},
	author = {Hercus, Luise A.},
	date = {1999},
	doi = {10.15144/PL-C150},
	options = {skipbib=true}
}

@incollection{crowley_uradhi_1983,
	location = {Amsterdam},
	title = {Uradhi},
	volume = {3},
	isbn = {0-7081-1215-3},
	volumes = {5},
	pages = {307--428},
	booktitle = {Handbook of Australian languages},
	publisher = {John Benjamins},
	author = {Crowley, Terry},
	editor = {Dixon, R. M. W. and Blake, Barry J.},
	date = {1983},
	options = {skipbib=true}
}

@unpublished{breen_yalarnnga_nodate,
	location = {Canberra},
	title = {Yalarnnga vocab},
	rights = {No restrictions specified},
	type = {word list},
	author = {Breen, Gavan and Blake, Barry J},
	institution = {Australian Institute of Aboriginal and Torres Strait Islander Studies, Australian Indigenous Languages Collection},
	eprint = {ASEDA 0204},
	options = {skipbib=true}
}

@book{breen_innamincka_2004,
	location = {Canberra},
	title = {Innamincka talk: A grammar of the Innamincka dialect of Yandruwandha with notes on other dialects},
	isbn = {0-85883-547-9},
	series = {Pacific Linguistics},
	pagetotal = {245},
	number = {558},
	publisher = {Pacific Linguistics},
	author = {Breen, Gavan},
	date = {2004},
	doi = {10.15144/PL-558},
	options = {skipbib=true}
}

@unpublished{bradley_yanyuwa_nodate,
	location = {Canberra},
	title = {Yanyuwa Dictionary},
	rights = {Closed},
	type = {word list},
	author = {Bradley, John},
	institution = {Australian Institute of Aboriginal and Torres Strait Islander Studies, Australian Indigenous Languages Collection},
	eprint = {ASEDA 0382},
	options = {skipbib=true}
}

@unpublished{hercus_yarluyandi_nodate,
	location = {Canberra},
	title = {Yarluyandi vocabulary},
	rights = {Open access for downloading},
	url = {http://aiatsis.gov.au/sites/default/files/catalogue_resources/0251_access.zip},
	type = {word list},
	author = {Hercus, Luise A.},
	institution = {Australian Institute of Aboriginal and Torres Strait Islander Studies, Australian Indigenous Languages Collection},
	eprint = {ASEDA 0251},
	options = {skipbib=true}
}

@book{morelli_yaygirr_2012,
	location = {Nambucca Heads, {NSW}, Australia},
	title = {Yaygirr dictionary and grammar},
	isbn = {978-0-9808405-0-6},
	pagetotal = {254},
	publisher = {Muurrbay Aboriginal Language and Culture Co-operative},
	author = {Morelli, Steve},
	editora = {{Many Rivers Aboriginal Language Centre}},
	editoratype = {collaborator},
	date = {2012},
	options = {skipbib=true}
}

@book{dixon_words_1991,
	location = {St Lucia, Qld},
	title = {Words of our country : stories, place names, and vocabulary in Yidiny, the Aboriginal language of the Cairns-Yarrabah region},
	isbn = {0-7022-2360-3},
	pagetotal = {312},
	publisher = {University of Queensland Press},
	author = {Dixon, R. M. W.},
	editora = {Irvine, Tony},
	editoratype = {collaborator},
	date = {1991},
	options = {skipbib=true}
}

@unpublished{anderson_yindjibarndi_nodate,
	location = {Canberra},
	title = {Yindjibarndi Dictionary},
	rights = {Open access for downloading},
	url = {http://aiatsis.gov.au/sites/default/files/catalogue_resources/0297_access.zip},
	type = {word list},
	author = {Anderson, Bruce and Richards, E. and Summer Institute of Linguistics},
	institution = {Australian Institute of Aboriginal and Torres Strait Islander Studies, Australian Indigenous Languages Collection},
	eprint = {ASEDA 0297},
	options = {skipbib=true}
}

@book{wangka_maya_pilbara_aboriginal_language_centre_yinhawangka_2008,
	location = {South Hedland, {WA}, Australia},
	title = {Yinhawangka dictionary : English-Yinhawangka wordlist and topical wordlists 2008 : draft 1},
	isbn = {1-921312-60-2},
	pagetotal = {92},
	publisher = {Wangka Maya Pilbara Aboriginal Language Centre},
	author = {Wangka Maya Pilbara Aboriginal Language Centre},
	date = {2008},
	options = {skipbib=true}
}

@book{alpher_yir-yoront_1991,
	location = {Berlin, New York},
	title = {Yir-Yoront Lexicon: Sketch and Dictionary of an Australian Language},
	volume = {6},
	isbn = {978-3-11-087265-1},
	series = {Trends in Linguistics: Documentation},
	publisher = {Mouton de Gruyter},
	author = {Alpher, Barry},
	date = {1991},
	options = {skipbib=true}
}

@book{bowe_yorta_1999,
	location = {Canberra},
	title = {The Yorta Yorta (Bangerang) language of the Murray Goulburn including Yabula Yabula},
	isbn = {0-85883-513-4},
	series = {Pacific Linguistics Series C},
	pagetotal = {286},
	number = {154},
	publisher = {Pacific Linguistics},
	author = {Bowe, Heather and Morey, Stephen},
	date = {1999},
	options = {skipbib=true}
}

@unpublished{mckelson_yulparija_1989,
	location = {Canberra},
	title = {Yulparija},
	rights = {Open access for downloading},
	url = {http://aiatsis.gov.au/sites/default/files/catalogue_resources/0032_access.zip},
	type = {word list},
	author = {{McKelson}, Kevin},
	date = {1989},
	institution = {Australian Institute of Aboriginal and Torres Strait Islander Studies, Australian Indigenous Languages Collection},
	eprint = {ASEDA 0032},
	options = {skipbib=true}
}

@book{ash_gamilaraay_2003,
	location = {Alice Springs, {NT}, Australia},
	title = {Gamilaraay, Yuwaalaraay \& Yuwaalayaay Dictionary},
	isbn = {1-86465-051-6},
	pagetotal = {344},
	publisher = {{IAD} Press},
	author = {Ash, Anna and Giacon, John and Lissarrague, Amanda},
	date = {2003},
	options = {skipbib=true}
}
